1CClientBankExchange
ВерсияФормата=1.02
Кодировка=Windows
Отправитель=Tinkoff
Получатель=unknown
ДатаСоздания=25.04.2024
ВремяСоздания=06:50:57
ДатаНачала=24.04.2024
ДатаКонца=24.04.2024
РасчСчет=40703810200000720499
СекцияРасчСчет
ДатаНачала=24.04.2024
ДатаКонца=24.04.2024
РасчСчет=40703810200000720499
НачальныйОстаток=50659
ВсегоПоступило=18495992.22
ВсегоСписано=18496651.22
КонечныйОстаток=50000
КонецРасчСчет

СекцияДокумент=Платежное поручение
Номер=2
Дата=24.04.2024
Сумма=130000
ДатаПоступило=24.04.2024
Плательщик=Фонд борьбы с лейкемией
Плательщик1=Фонд борьбы с лейкемией
ПлательщикСчет=40703810712020568247
ПлательщикИНН=7704282227
ПлательщикРасчСчет=40703810712020568247
ПлательщикКорсчет=30101810445250000360
ПлательщикБИК=044525360
ПлательщикБанк1=Филиал "Корпоративный" ПАО "Совкомбанк"
Получатель=БЛАГОТВОРИТЕЛЬНЫЙ ФОНД "ФОНД БОРЬБЫ С ЛЕЙКЕМИЕЙ"
Получатель1=БЛАГОТВОРИТЕЛЬНЫЙ ФОНД "ФОНД БОРЬБЫ С ЛЕЙКЕМИЕЙ"
ПолучательСчет=40703810200000720499
ПолучательИНН=7704282227
ПолучательРасчСчет=40703810200000720499
ПолучательКорсчет=30101810145250000974
ПолучательБИК=044525974
ПолучательБанк1=АО "ТИНЬКОФФ БАНК"
ВидОплаты=01
НазначениеПлатежа=Перечисление собственных средств на другой расчетный счет. НДС не облагается
Очередность=5
КонецДокумента

СекцияДокумент=Платежное поручение
Номер=35
Дата=24.04.2024
Сумма=50
ДатаПоступило=24.04.2024
Плательщик=ИП РАХМАТУРИН ИВАН СЕРГЕЕВИЧ
Плательщик1=ИП РАХМАТУРИН ИВАН СЕРГЕЕВИЧ
ПлательщикСчет=40802810596050004791
ПлательщикИНН=440600291982
ПлательщикРасчСчет=40802810596050004791
ПлательщикКорсчет=30101810000000000256
ПлательщикБИК=044525256
ПлательщикБанк1=ПАО РОСБАНК
Получатель=ФОНД БОРЬБЫ С ЛЕЙКЕМИЕЙ
Получатель1=ФОНД БОРЬБЫ С ЛЕЙКЕМИЕЙ
ПолучательСчет=40703810200000720499
ПолучательИНН=7704282227
ПолучательРасчСчет=40703810200000720499
ПолучательКорсчет=30101810145250000974
ПолучательБИК=044525974
ПолучательБанк1=АО "ТИНЬКОФФ БАНК"
ВидОплаты=01
Код=0
НазначениеПлатежа=Перечисление денег на сбора FBL0003. Без НДС
Очередность=5
КонецДокумента

СекцияДокумент=Платежное поручение
Номер=106
Дата=24.04.2024
Сумма=97.5
ДатаПоступило=24.04.2024
Плательщик=Филиал № 7701 Банка ВТБ (ПАО)
Плательщик1=Филиал № 7701 Банка ВТБ (ПАО)
ПлательщикСчет=40907810962319207987
ПлательщикИНН=7702070139
ПлательщикРасчСчет=40907810962319207987
ПлательщикКорсчет=30101810345250000745
ПлательщикБИК=044525745
ПлательщикБанк1=Филиал № 7701 Банка ВТБ (ПАО)
Получатель=БФ Фонд борьбы с лейкемией
Получатель1=БФ Фонд борьбы с лейкемией
ПолучательСчет=40703810200000720499
ПолучательИНН=7704282227
ПолучательРасчСчет=40703810200000720499
ПолучательКорсчет=30101810145250000974
ПолучательБИК=044525974
ПолучательБанк1=АО "ТИНЬКОФФ БАНК"
ВидОплаты=01
Код=0
НазначениеПлатежа=Перевод средств по поручению физ.лиц за 23.04.2024 на Д. Бекмухамедова
Очередность=5
КонецДокумента

СекцияДокумент=Платежное поручение
Номер=694062
Дата=24.04.2024
Сумма=1000
ПлательщикСчет=30233810642000600001
ДатаСписано=
Плательщик=ПАО СБЕРБАНК//БАКАНИНА ИРИНА АНАТОЛЬЕВНА//1843100019411//450039,РОССИЯ,БАШКОРТОСТАН РЕСП,Г УФА,УЛ ВАЛЕРИЯ ЛЕСУНОВА,Д 4А КВ 176//
ПлательщикИНН=345435435
ПлательщикКПП=526002001
ПлательщикРасчСчет=30233810642000600001
ПлательщикБанк1=ВОЛГО-ВЯТСКИЙ БАНК ПАО СБЕРБАНК, г.Нижний Новгород
ПлательщикБИК=042202603
ПлательщикКорсчет=30101810900000000603
ПолучательСчет=40703810738000001047
ДатаПоступило=24.04.2024
Получатель=Благотворительный фонд "Фонд борьбы с лейкемией"
ПолучательИНН=7704282227
ПолучательКПП=770401001
ПолучательРасчСчет=40703810738000001047
ПолучательБанк1=ПАО Сбербанк, г.Москва
ПолучательБИК=044525225
ПолучательКорсчет=30101810400000000225
ВидПлатежа=электронно
ВидОплаты=01
Код=
СтатусСоставителя=
ПоказательКБК=
ОКАТО=
ПоказательОснования=
ПоказательПериода=
ПоказательНомера=
ПоказательДаты=
ПоказательТипа=
Очередность=5
НазначениеПлатежа=БЛАГОТВОРИТЕЛЬНЫЙ ВЗНОС ЗА 24/04/2024;Добровольное пожертвование БАКАНИНА ИРИНА АНАТОЛЬЕВНА;
КонецДокумента


СекцияДокумент=Платежное поручение
Номер=6940623
Дата=24.04.2024
Сумма=120000
ПлательщикСчет=30233810642000600001
ДатаСписано=
Плательщик=АНО Такие дела
ПлательщикИНН=345435435
ПлательщикКПП=526002001
ПлательщикРасчСчет=30233810642000600001
ПлательщикБанк1=ВОЛГО-ВЯТСКИЙ БАНК ПАО СБЕРБАНК, г.Нижний Новгород
ПлательщикБИК=042202603
ПлательщикКорсчет=30101810900000000603
ПолучательСчет=40703810738000001047
ДатаПоступило=24.04.2024
Получатель=Благотворительный фонд "Фонд борьбы с лейкемией"
ПолучательИНН=7704282227
ПолучательКПП=770401001
ПолучательРасчСчет=40703810738000001047
ПолучательБанк1=ПАО Сбербанк, г.Москва
ПолучательБИК=044525225
ПолучательКорсчет=30101810400000000225
ВидПлатежа=электронно
ВидОплаты=01
Код=
СтатусСоставителя=
ПоказательКБК=
ОКАТО=
ПоказательОснования=
ПоказательПериода=
ПоказательНомера=
ПоказательДаты=
ПоказательТипа=
Очередность=5
НазначениеПлатежа=БЛАГОТВОРИТЕЛЬНЫЙ ВЗНОС ЗА 24/04/2024;
КонецДокумента

СекцияДокумент=Платежное поручение
Номер=69406234
Дата=24.04.2024
Сумма=17400
ПлательщикСчет=30233810642000600001
ДатаСписано=
Плательщик=Купишуз
ПлательщикИНН=345435435
ПлательщикКПП=526002001
ПлательщикРасчСчет=30233810642000600001
ПлательщикБанк1=ВОЛГО-ВЯТСКИЙ БАНК ПАО СБЕРБАНК, г.Нижний Новгород
ПлательщикБИК=042202603
ПлательщикКорсчет=30101810900000000603
ПолучательСчет=40703810738000001047
ДатаПоступило=24.04.2024
Получатель=Благотворительный фонд "Фонд борьбы с лейкемией"
ПолучательИНН=7704282227
ПолучательКПП=770401001
ПолучательРасчСчет=40703810738000001047
ПолучательБанк1=ПАО Сбербанк, г.Москва
ПолучательБИК=044525225
ПолучательКорсчет=30101810400000000225
ВидПлатежа=электронно
ВидОплаты=01
Код=
СтатусСоставителя=
ПоказательКБК=
ОКАТО=
ПоказательОснования=
ПоказательПериода=
ПоказательНомера=
ПоказательДаты=
ПоказательТипа=
Очередность=5
НазначениеПлатежа=БЛАГОТВОРИТЕЛЬНЫЙ ВЗНОС ЗА 24/04/2024;
КонецДокумента

СекцияДокумент=Платежное поручение
Номер=4027
Дата=23.04.2024
Сумма=100
ДатаПоступило=24.04.2024
Плательщик=Романенко Никита Максимович
Плательщик1=Романенко Никита Максимович
ПлательщикСчет=40817810104810436812
ПлательщикИНН=240302113837
ПлательщикРасчСчет=40817810104810436812
ПлательщикКорсчет=30101810200000000593
ПлательщикБИК=044525593
ПлательщикБанк1=АО "АЛЬФА-БАНК"
Получатель=БЛАГОТВОРИТЕЛЬНЫЙ ФОНД ФОНД БОРЬБЫ С ЛЕЙКЕМИЕЙ
Получатель1=БЛАГОТВОРИТЕЛЬНЫЙ ФОНД ФОНД БОРЬБЫ С ЛЕЙКЕМИЕЙ
ПолучательСчет=40703810200000720499
ПолучательИНН=7704282227
ПолучательРасчСчет=40703810200000720499
ПолучательКорсчет=30101810145250000974
ПолучательБИК=044525974
ПолучательБанк1=АО "ТИНЬКОФФ БАНК"
ВидОплаты=01
НазначениеПлатежа=Благотворительное пожертвование на уставную деятельность 100.00
Очередность=5
КонецДокумента

СекцияДокумент=Платежное поручение
Номер=40274
Дата=23.04.2024
Сумма=1000
ДатаПоступило=24.04.2024
Плательщик=Филиал № 7701 Банка ВТБ (ПАО)
Плательщик1=Филиал № 7701 Банка ВТБ (ПАО)
ПлательщикСчет=40817810104810436812
ПлательщикИНН=45234324324
ПлательщикРасчСчет=40817810104810436812
ПлательщикКорсчет=30101810200000000593
ПлательщикБИК=044525593
ПлательщикБанк1=АО "АЛЬФА-БАНК"
Получатель=БЛАГОТВОРИТЕЛЬНЫЙ ФОНД ФОНД БОРЬБЫ С ЛЕЙКЕМИЕЙ
Получатель1=БЛАГОТВОРИТЕЛЬНЫЙ ФОНД ФОНД БОРЬБЫ С ЛЕЙКЕМИЕЙ
ПолучательСчет=40703810200000720499
ПолучательИНН=7704282227
ПолучательРасчСчет=40703810200000720499
ПолучательКорсчет=30101810145250000974
ПолучательБИК=044525974
ПолучательБанк1=АО "ТИНЬКОФФ БАНК"
ВидОплаты=01
НазначениеПлатежа=Благотворительное пожертвование на уставную деятельность 1000.00
Очередность=5
КонецДокумента

СекцияДокумент=Платежное поручение
Номер=4027454
Дата=23.04.2024
Сумма=15000
ДатаПоступило=24.04.2024
Плательщик=АО НКО "ЭЛЕКСНЕТ
Плательщик1=АО НКО "ЭЛЕКСНЕТ
ПлательщикСчет=40817810104810436812
ПлательщикИНН=45234324324
ПлательщикРасчСчет=40817810104810436812
ПлательщикКорсчет=30101810200000000593
ПлательщикБИК=044525593
ПлательщикБанк1=АО "АЛЬФА-БАНК"
Получатель=БЛАГОТВОРИТЕЛЬНЫЙ ФОНД ФОНД БОРЬБЫ С ЛЕЙКЕМИЕЙ
Получатель1=БЛАГОТВОРИТЕЛЬНЫЙ ФОНД ФОНД БОРЬБЫ С ЛЕЙКЕМИЕЙ
ПолучательСчет=40703810200000720499
ПолучательИНН=7704282227
ПолучательРасчСчет=40703810200000720499
ПолучательКорсчет=30101810145250000974
ПолучательБИК=044525974
ПолучательБанк1=АО "ТИНЬКОФФ БАНК"
ВидОплаты=01
НазначениеПлатежа=Благотворительное пожертвование на уставную деятельность 15000.00
Очередность=5
КонецДокумента

СекцияДокумент=Платежное поручение
Номер=40274546
Дата=23.04.2024
Сумма=25000
ДатаПоступило=24.04.2024
Плательщик=ООО НКО ЮМани
Плательщик1=ООО НКО ЮМани
ПлательщикСчет=40817810104810436812
ПлательщикИНН=45234324324
ПлательщикРасчСчет=40817810104810436812
ПлательщикКорсчет=30101810200000000593
ПлательщикБИК=044525593
ПлательщикБанк1=АО "АЛЬФА-БАНК"
Получатель=БЛАГОТВОРИТЕЛЬНЫЙ ФОНД ФОНД БОРЬБЫ С ЛЕЙКЕМИЕЙ
Получатель1=БЛАГОТВОРИТЕЛЬНЫЙ ФОНД ФОНД БОРЬБЫ С ЛЕЙКЕМИЕЙ
ПолучательСчет=40703810200000720499
ПолучательИНН=7704282227
ПолучательРасчСчет=40703810200000720499
ПолучательКорсчет=30101810145250000974
ПолучательБИК=044525974
ПолучательБанк1=АО "ТИНЬКОФФ БАНК"
ВидОплаты=01
НазначениеПлатежа=Благотворительное пожертвование на уставную деятельность 25000.00
Очередность=5
КонецДокумента

СекцияДокумент=Платежное поручение
Номер=40274546
Дата=23.04.2024
Сумма=29000
ДатаПоступило=24.04.2024
Плательщик=ПАО "МТС-БАНК
Плательщик1=ПАО "МТС-БАНК
ПлательщикСчет=40817810104810436812
ПлательщикИНН=45234324324
ПлательщикРасчСчет=40817810104810436812
ПлательщикКорсчет=30101810200000000593
ПлательщикБИК=044525593
ПлательщикБанк1=АО "АЛЬФА-БАНК"
Получатель=БЛАГОТВОРИТЕЛЬНЫЙ ФОНД ФОНД БОРЬБЫ С ЛЕЙКЕМИЕЙ
Получатель1=БЛАГОТВОРИТЕЛЬНЫЙ ФОНД ФОНД БОРЬБЫ С ЛЕЙКЕМИЕЙ
ПолучательСчет=40703810200000720499
ПолучательИНН=7704282227
ПолучательРасчСчет=40703810200000720499
ПолучательКорсчет=30101810145250000974
ПолучательБИК=044525974
ПолучательБанк1=АО "ТИНЬКОФФ БАНК"
ВидОплаты=01
НазначениеПлатежа=Благотворительное пожертвование на уставную деятельность 29000.00
Очередность=5
КонецДокумента

СекцияДокумент=Платежное поручение
Номер=40274540
Дата=23.04.2024
Сумма=14000
ДатаПоступило=24.04.2024
Плательщик=РНКО "ВК Платёжные решения
Плательщик1=РНКО "ВК Платёжные решения
ПлательщикСчет=40817810104810436812
ПлательщикИНН=45234324324
ПлательщикРасчСчет=40817810104810436812
ПлательщикКорсчет=30101810200000000593
ПлательщикБИК=044525593
ПлательщикБанк1=АО "АЛЬФА-БАНК"
Получатель=БЛАГОТВОРИТЕЛЬНЫЙ ФОНД ФОНД БОРЬБЫ С ЛЕЙКЕМИЕЙ
Получатель1=БЛАГОТВОРИТЕЛЬНЫЙ ФОНД ФОНД БОРЬБЫ С ЛЕЙКЕМИЕЙ
ПолучательСчет=40703810200000720499
ПолучательИНН=7704282227
ПолучательРасчСчет=40703810200000720499
ПолучательКорсчет=30101810145250000974
ПолучательБИК=044525974
ПолучательБанк1=АО "ТИНЬКОФФ БАНК"
ВидОплаты=01
НазначениеПлатежа=Благотворительное пожертвование на уставную деятельность 14000.00
Очередность=5
КонецДокумента

СекцияДокумент=Платежное поручение
Номер=402745404
Дата=23.04.2024
Сумма=22000
ДатаПоступило=24.04.2024
Плательщик=Филиал "Корпоративный" ПАО "Совкомбанк"
Плательщик1=Филиал "Корпоративный" ПАО "Совкомбанк"
ПлательщикСчет=40817810104810436812
ПлательщикИНН=45234324324
ПлательщикРасчСчет=40817810104810436812
ПлательщикКорсчет=30101810200000000593
ПлательщикБИК=044525593
ПлательщикБанк1=АО "АЛЬФА-БАНК"
Получатель=БЛАГОТВОРИТЕЛЬНЫЙ ФОНД ФОНД БОРЬБЫ С ЛЕЙКЕМИЕЙ
Получатель1=БЛАГОТВОРИТЕЛЬНЫЙ ФОНД ФОНД БОРЬБЫ С ЛЕЙКЕМИЕЙ
ПолучательСчет=40703810200000720499
ПолучательИНН=7704282227
ПолучательРасчСчет=40703810200000720499
ПолучательКорсчет=30101810145250000974
ПолучательБИК=044525974
ПолучательБанк1=АО "ТИНЬКОФФ БАНК"
ВидОплаты=01
НазначениеПлатежа=Пожертвование. Зачисление по эквайрингу за февраль 2024
Очередность=5
КонецДокумента

СекцияДокумент=Платежное поручение
Номер=4027454099
Дата=23.04.2024
Сумма=17000
ДатаПоступило=24.04.2024
Плательщик=ПАО "СОВКОМБАНК
Плательщик1=ПАО "СОВКОМБАНК
ПлательщикСчет=40817810104810436812
ПлательщикИНН=45234324324
ПлательщикРасчСчет=40817810104810436812
ПлательщикКорсчет=30101810200000000593
ПлательщикБИК=044525593
ПлательщикБанк1=АО "АЛЬФА-БАНК"
Получатель=БЛАГОТВОРИТЕЛЬНЫЙ ФОНД ФОНД БОРЬБЫ С ЛЕЙКЕМИЕЙ
Получатель1=БЛАГОТВОРИТЕЛЬНЫЙ ФОНД ФОНД БОРЬБЫ С ЛЕЙКЕМИЕЙ
ПолучательСчет=40703810200000720499
ПолучательИНН=7704282227
ПолучательРасчСчет=40703810200000720499
ПолучательКорсчет=30101810145250000974
ПолучательБИК=044525974
ПолучательБанк1=АО "ТИНЬКОФФ БАНК"
ВидОплаты=01
НазначениеПлатежа=Пожертвование. Зачисление соц.баллов за февраль 2024
Очередность=5
КонецДокумента

СекцияДокумент=Платежное поручение
Номер=40274540994
Дата=23.04.2024
Сумма=44000
ДатаПоступило=24.04.2024
Плательщик=Филиал "Корпоративный" ПАО "Совкомбанк"
Плательщик1=Филиал "Корпоративный" ПАО "Совкомбанк"
ПлательщикСчет=40817810104810436812
ПлательщикИНН=45234324324
ПлательщикРасчСчет=40817810104810436812
ПлательщикКорсчет=30101810200000000593
ПлательщикБИК=044525593
ПлательщикБанк1=АО "АЛЬФА-БАНК"
Получатель=БЛАГОТВОРИТЕЛЬНЫЙ ФОНД ФОНД БОРЬБЫ С ЛЕЙКЕМИЕЙ
Получатель1=БЛАГОТВОРИТЕЛЬНЫЙ ФОНД ФОНД БОРЬБЫ С ЛЕЙКЕМИЕЙ
ПолучательСчет=40703810200000720499
ПолучательИНН=7704282227
ПолучательРасчСчет=40703810200000720499
ПолучательКорсчет=30101810145250000974
ПолучательБИК=044525974
ПолучательБанк1=АО "ТИНЬКОФФ БАНК"
ВидОплаты=01
НазначениеПлатежа=Зачисление переводов по СБП за за февраль 2024
Очередность=5
КонецДокумента

СекцияДокумент=Платежное поручение
Номер=402745409944
Дата=23.04.2024
Сумма=7600
ДатаПоступило=24.04.2024
Плательщик=ООО "Нескучный город"
Плательщик1=ООО "Нескучный город"
ПлательщикСчет=40817810104810436812
ПлательщикИНН=45234324324
ПлательщикРасчСчет=40817810104810436812
ПлательщикКорсчет=30101810200000000593
ПлательщикБИК=044525593
ПлательщикБанк1=АО "АЛЬФА-БАНК"
Получатель=БЛАГОТВОРИТЕЛЬНЫЙ ФОНД ФОНД БОРЬБЫ С ЛЕЙКЕМИЕЙ
Получатель1=БЛАГОТВОРИТЕЛЬНЫЙ ФОНД ФОНД БОРЬБЫ С ЛЕЙКЕМИЕЙ
ПолучательСчет=40703810200000720499
ПолучательИНН=7704282227
ПолучательРасчСчет=40703810200000720499
ПолучательКорсчет=30101810145250000974
ПолучательБИК=044525974
ПолучательБанк1=АО "ТИНЬКОФФ БАНК"
ВидОплаты=01
НазначениеПлатежа=Благотворительное пожертвование
Очередность=5
КонецДокумента

СекцияДокумент=Платежное поручение
Номер=502745409944
Дата=23.04.2024
Сумма=1200
ДатаПоступило=24.04.2024
Плательщик=Вклад в будущее
Плательщик1=Вклад в будущее
ПлательщикСчет=40817810104810436812
ПлательщикИНН=45234324324
ПлательщикРасчСчет=40817810104810436812
ПлательщикКорсчет=30101810200000000593
ПлательщикБИК=044525593
ПлательщикБанк1=АО "АЛЬФА-БАНК"
Получатель=БЛАГОТВОРИТЕЛЬНЫЙ ФОНД ФОНД БОРЬБЫ С ЛЕЙКЕМИЕЙ
Получатель1=БЛАГОТВОРИТЕЛЬНЫЙ ФОНД ФОНД БОРЬБЫ С ЛЕЙКЕМИЕЙ
ПолучательСчет=40703810200000720499
ПолучательИНН=7704282227
ПолучательРасчСчет=40703810200000720499
ПолучательКорсчет=30101810145250000974
ПолучательБИК=044525974
ПолучательБанк1=АО "ТИНЬКОФФ БАНК"
ВидОплаты=01
НазначениеПлатежа=Благотворительное пожертвование
Очередность=5
КонецДокумента

СекцияДокумент=Платежное поручение
Номер=542745409944
Дата=23.04.2024
Сумма=8800
ДатаПоступило=24.04.2024
Плательщик=Милосердие
Плательщик1=Милосердие
ПлательщикСчет=40817810104810436812
ПлательщикИНН=45234324324
ПлательщикРасчСчет=40817810104810436812
ПлательщикКорсчет=30101810200000000593
ПлательщикБИК=044525593
ПлательщикБанк1=АО "АЛЬФА-БАНК"
Получатель=БЛАГОТВОРИТЕЛЬНЫЙ ФОНД ФОНД БОРЬБЫ С ЛЕЙКЕМИЕЙ
Получатель1=БЛАГОТВОРИТЕЛЬНЫЙ ФОНД ФОНД БОРЬБЫ С ЛЕЙКЕМИЕЙ
ПолучательСчет=40703810200000720499
ПолучательИНН=7704282227
ПолучательРасчСчет=40703810200000720499
ПолучательКорсчет=30101810145250000974
ПолучательБИК=044525974
ПолучательБанк1=АО "ТИНЬКОФФ БАНК"
ВидОплаты=01
НазначениеПлатежа=Благотворительное пожертвование
Очередность=5
КонецДокумента

СекцияДокумент=Платежное поручение
Номер=542745409944
Дата=23.04.2024
Сумма=8800
ДатаПоступило=24.04.2024
Плательщик=АНО "КРР "МОЙ РАЙОН"
Плательщик1=АНО "КРР "МОЙ РАЙОН"
ПлательщикСчет=40817810104810436812
ПлательщикИНН=45234324324
ПлательщикРасчСчет=40817810104810436812
ПлательщикКорсчет=30101810200000000593
ПлательщикБИК=044525593
ПлательщикБанк1=АО "АЛЬФА-БАНК"
Получатель=БЛАГОТВОРИТЕЛЬНЫЙ ФОНД ФОНД БОРЬБЫ С ЛЕЙКЕМИЕЙ
Получатель1=БЛАГОТВОРИТЕЛЬНЫЙ ФОНД ФОНД БОРЬБЫ С ЛЕЙКЕМИЕЙ
ПолучательСчет=40703810200000720499
ПолучательИНН=7704282227
ПолучательРасчСчет=40703810200000720499
ПолучательКорсчет=30101810145250000974
ПолучательБИК=044525974
ПолучательБанк1=АО "ТИНЬКОФФ БАНК"
ВидОплаты=01
НазначениеПлатежа=Благотворительное пожертвование
Очередность=5
КонецДокумента

СекцияДокумент=Платежное поручение
Номер=5427445409944
Дата=23.04.2024
Сумма=6500
ДатаПоступило=24.04.2024
Плательщик=БЛАГОТВОРИТЕЛЬНЫЙ ФОНД ПОМОЩИ "ПРОСТО ПОМОГИ"
Плательщик1=БЛАГОТВОРИТЕЛЬНЫЙ ФОНД ПОМОЩИ "ПРОСТО ПОМОГИ"
ПлательщикСчет=40817810104810436812
ПлательщикИНН=45234324324
ПлательщикРасчСчет=40817810104810436812
ПлательщикКорсчет=30101810200000000593
ПлательщикБИК=044525593
ПлательщикБанк1=АО "АЛЬФА-БАНК"
Получатель=БЛАГОТВОРИТЕЛЬНЫЙ ФОНД ФОНД БОРЬБЫ С ЛЕЙКЕМИЕЙ
Получатель1=БЛАГОТВОРИТЕЛЬНЫЙ ФОНД ФОНД БОРЬБЫ С ЛЕЙКЕМИЕЙ
ПолучательСчет=40703810200000720499
ПолучательИНН=7704282227
ПолучательРасчСчет=40703810200000720499
ПолучательКорсчет=30101810145250000974
ПолучательБИК=044525974
ПолучательБанк1=АО "ТИНЬКОФФ БАНК"
ВидОплаты=01
НазначениеПлатежа=Пожертвование//Целевая программа 15920 за период 17.04.2024-22.04.2024. Договор присоединения БФ-20.06.2022 (заявл. о присоед. 4968 от 16.11.2022) Сумма 11852-40 Без налога (НДС)
Очередность=5
КонецДокумента

СекцияДокумент=Платежное поручение
Номер=54274445409944
Дата=23.04.2024
Сумма=1000
ДатаПоступило=24.04.2024
Плательщик=БЛАГОТВОРИТЕЛЬНЫЙ ФОНД ПОМОЩИ "ПРОСТО ПОМОГИ"
Плательщик1=БЛАГОТВОРИТЕЛЬНЫЙ ФОНД ПОМОЩИ "ПРОСТО ПОМОГИ"
ПлательщикСчет=40817810104810436812
ПлательщикИНН=7702420633
ПлательщикРасчСчет=40817810104810436812
ПлательщикКорсчет=30101810200000000593
ПлательщикБИК=044525593
ПлательщикБанк1=АО "АЛЬФА-БАНК"
Получатель=БЛАГОТВОРИТЕЛЬНЫЙ ФОНД ФОНД БОРЬБЫ С ЛЕЙКЕМИЕЙ
Получатель1=БЛАГОТВОРИТЕЛЬНЫЙ ФОНД ФОНД БОРЬБЫ С ЛЕЙКЕМИЕЙ
ПолучательСчет=40703810200000720499
ПолучательИНН=7704282227
ПолучательРасчСчет=40703810200000720499
ПолучательКорсчет=30101810145250000974
ПолучательБИК=044525974
ПолучательБанк1=АО "ТИНЬКОФФ БАНК"
ВидОплаты=01
НазначениеПлатежа=Пожертвование//Целевая программа 15920 за период 17.04.2024-22.04.2024. Договор присоединения БФ-20.06.2022 (заявл. о присоед. 4968 от 16.11.2022) Сумма 11852-40 Без налога (НДС)
Очередность=5
КонецДокумента

СекцияДокумент=Платежное поручение
Номер=54274445409944
Дата=23.04.2024
Сумма=1500
ДатаПоступило=24.04.2024
Плательщик=БЛАГОТВОРИТЕЛЬНЫЙ ФОНД ПОМОЩИ "ПРОСТО ПОМОГИ"
Плательщик1=БЛАГОТВОРИТЕЛЬНЫЙ ФОНД ПОМОЩИ "ПРОСТО ПОМОГИ"
ПлательщикСчет=40817810104810436812
ПлательщикИНН=7702420633
ПлательщикРасчСчет=40817810104810436812
ПлательщикКорсчет=30101810200000000593
ПлательщикБИК=044525593
ПлательщикБанк1=АО "АЛЬФА-БАНК"
Получатель=БЛАГОТВОРИТЕЛЬНЫЙ ФОНД ФОНД БОРЬБЫ С ЛЕЙКЕМИЕЙ
Получатель1=БЛАГОТВОРИТЕЛЬНЫЙ ФОНД ФОНД БОРЬБЫ С ЛЕЙКЕМИЕЙ
ПолучательСчет=40703810200000720499
ПолучательИНН=7704282227
ПолучательРасчСчет=40703810200000720499
ПолучательКорсчет=30101810145250000974
ПолучательБИК=044525974
ПолучательБанк1=АО "ТИНЬКОФФ БАНК"
ВидОплаты=01
НазначениеПлатежа=Пожертвование//Целевая программа 15920 за период 17.04.2024-22.04.2024. Договор присоединения БФ-20.06.2022 (заявл. о присоед. 4968 от 16.11.2022) Сумма 11852-40 Без налога (НДС)
Очередность=5
КонецДокумента

СекцияДокумент=Платежное поручение
Номер=54274445449944
Дата=23.04.2024
Сумма=1800
ДатаПоступило=24.04.2024
Плательщик=БЛАГОТВОРИТЕЛЬНЫЙ ФОНД ПОМОЩИ "ПРОСТО ПОМОГИ"
Плательщик1=БЛАГОТВОРИТЕЛЬНЫЙ ФОНД ПОМОЩИ "ПРОСТО ПОМОГИ"
ПлательщикСчет=40817810104810436812
ПлательщикИНН=9702014610
ПлательщикРасчСчет=40817810104810436812
ПлательщикКорсчет=30101810200000000593
ПлательщикБИК=044525593
ПлательщикБанк1=АО "АЛЬФА-БАНК"
Получатель=БЛАГОТВОРИТЕЛЬНЫЙ ФОНД ФОНД БОРЬБЫ С ЛЕЙКЕМИЕЙ
Получатель1=БЛАГОТВОРИТЕЛЬНЫЙ ФОНД ФОНД БОРЬБЫ С ЛЕЙКЕМИЕЙ
ПолучательСчет=40703810200000720499
ПолучательИНН=7704282227
ПолучательРасчСчет=40703810200000720499
ПолучательКорсчет=30101810145250000974
ПолучательБИК=044525974
ПолучательБанк1=АО "ТИНЬКОФФ БАНК"
ВидОплаты=01
НазначениеПлатежа=Пожертвование//Целевая программа 15920 за период 17.04.2024-22.04.2024. Договор присоединения БФ-20.06.2022 (заявл. о присоед. 4968 от 16.11.2022) Сумма 11852-40 Без налога (НДС)
Очередность=5
КонецДокумента

СекцияДокумент=Платежное поручение
Номер=5427477449944
Дата=23.04.2024
Сумма=2200
ДатаПоступило=24.04.2024
Плательщик=БЛАГОТВОРИТЕЛЬНЫЙ ФОНД ПОМОЩИ Помощь рядом
Плательщик1=БЛАГОТВОРИТЕЛЬНЫЙ ФОНД ПОМОЩИ Помощь рядом
ПлательщикСчет=40817810104810436812
ПлательщикИНН=9702014610
ПлательщикРасчСчет=40817810104810436812
ПлательщикКорсчет=30101810200000000593
ПлательщикБИК=044525593
ПлательщикБанк1=АО "АЛЬФА-БАНК"
Получатель=БЛАГОТВОРИТЕЛЬНЫЙ ФОНД ФОНД БОРЬБЫ С ЛЕЙКЕМИЕЙ
Получатель1=БЛАГОТВОРИТЕЛЬНЫЙ ФОНД ФОНД БОРЬБЫ С ЛЕЙКЕМИЕЙ
ПолучательСчет=40703810200000720499
ПолучательИНН=7704282227
ПолучательРасчСчет=40703810200000720499
ПолучательКорсчет=30101810145250000974
ПолучательБИК=044525974
ПолучательБанк1=АО "ТИНЬКОФФ БАНК"
ВидОплаты=01
НазначениеПлатежа=Пожертвование
Очередность=5
КонецДокумента

СекцияДокумент=Платежное поручение
Номер=5427477449988
Дата=23.04.2024
Сумма=1450
ДатаПоступило=24.04.2024
Плательщик=БЛАГОТВОРИТЕЛЬНЫЙ ФОНД ПОМОЩИ КУЛЬТУРА БЛАГОТВОРИТЕЛЬНОСТИ
Плательщик1=БЛАГОТВОРИТЕЛЬНЫЙ ФОНД ПОМОЩИ КУЛЬТУРА БЛАГОТВОРИТЕЛЬНОСТИ
ПлательщикСчет=40817810104810436812
ПлательщикИНН=9702014610
ПлательщикРасчСчет=40817810104810436812
ПлательщикКорсчет=30101810200000000593
ПлательщикБИК=044525593
ПлательщикБанк1=АО "АЛЬФА-БАНК"
Получатель=БЛАГОТВОРИТЕЛЬНЫЙ ФОНД ФОНД БОРЬБЫ С ЛЕЙКЕМИЕЙ
Получатель1=БЛАГОТВОРИТЕЛЬНЫЙ ФОНД ФОНД БОРЬБЫ С ЛЕЙКЕМИЕЙ
ПолучательСчет=40703810200000720499
ПолучательИНН=7704282227
ПолучательРасчСчет=40703810200000720499
ПолучательКорсчет=30101810145250000974
ПолучательБИК=044525974
ПолучательБанк1=АО "ТИНЬКОФФ БАНК"
ВидОплаты=01
НазначениеПлатежа=Пожертвование
Очередность=5
КонецДокумента

СекцияДокумент=Платежное поручение
Номер=5427477449658
Дата=23.04.2024
Сумма=14950
ДатаПоступило=24.04.2024
Плательщик=БЛАГОТВОРИТЕЛЬНЫЙ ФОНД ПОМОЩИ
Плательщик1=БЛАГОТВОРИТЕЛЬНЫЙ ФОНД ПОМОЩИ
ПлательщикСчет=40703425234542
ПлательщикИНН=9702014610
ПлательщикРасчСчет=40817810104810436812
ПлательщикКорсчет=30101810200000000593
ПлательщикБИК=044525593
ПлательщикБанк1=АО "АЛЬФА-БАНК"
Получатель=БЛАГОТВОРИТЕЛЬНЫЙ ФОНД ФОНД БОРЬБЫ С ЛЕЙКЕМИЕЙ
Получатель1=БЛАГОТВОРИТЕЛЬНЫЙ ФОНД ФОНД БОРЬБЫ С ЛЕЙКЕМИЕЙ
ПолучательСчет=40703810200000720499
ПолучательИНН=7704282227
ПолучательРасчСчет=40703810200000720499
ПолучательКорсчет=30101810145250000974
ПолучательБИК=044525974
ПолучательБанк1=АО "ТИНЬКОФФ БАНК"
ВидОплаты=01
НазначениеПлатежа=Пожертвование
Очередность=5
КонецДокумента

СекцияДокумент=Платежное поручение
Номер=5427443449658
Дата=23.04.2024
Сумма=32950
ДатаПоступило=24.04.2024
Плательщик=Интернет решения
Плательщик1=Интернет решения
ПлательщикСчет=40703425234542
ПлательщикИНН=9702014610
ПлательщикРасчСчет=40817810104810436812
ПлательщикКорсчет=30101810200000000593
ПлательщикБИК=044525593
ПлательщикБанк1=АО "АЛЬФА-БАНК"
Получатель=БЛАГОТВОРИТЕЛЬНЫЙ ФОНД ФОНД БОРЬБЫ С ЛЕЙКЕМИЕЙ
Получатель1=БЛАГОТВОРИТЕЛЬНЫЙ ФОНД ФОНД БОРЬБЫ С ЛЕЙКЕМИЕЙ
ПолучательСчет=40703810200000720499
ПолучательИНН=7704282227
ПолучательРасчСчет=40703810200000720499
ПолучательКорсчет=30101810145250000974
ПолучательБИК=044525974
ПолучательБанк1=АО "ТИНЬКОФФ БАНК"
ВидОплаты=01
НазначениеПлатежа=Пожертвование
Очередность=5
КонецДокумента

СекцияДокумент=Платежное поручение
Номер=5427477449658
Дата=23.04.2024
Сумма=32950
ДатаПоступило=24.04.2024
Плательщик=Донор ЮЛ 1
Плательщик1=Донор ЮЛ 1
ПлательщикСчет=40703425234542
ПлательщикИНН=9702014610
ПлательщикРасчСчет=40702234234324
ПлательщикКорсчет=30101810200000000593
ПлательщикБИК=044525593
ПлательщикБанк1=АО "АЛЬФА-БАНК"
Получатель=БЛАГОТВОРИТЕЛЬНЫЙ ФОНД ФОНД БОРЬБЫ С ЛЕЙКЕМИЕЙ
Получатель1=БЛАГОТВОРИТЕЛЬНЫЙ ФОНД ФОНД БОРЬБЫ С ЛЕЙКЕМИЕЙ
ПолучательСчет=40703810200000720499
ПолучательИНН=7704282227
ПолучательРасчСчет=40703810200000720499
ПолучательКорсчет=30101810145250000974
ПолучательБИК=044525974
ПолучательБанк1=АО "ТИНЬКОФФ БАНК"
ВидОплаты=01
НазначениеПлатежа=Пожертвование
Очередность=5
КонецДокумента

СекцияДокумент=Платежное поручение
Номер=5423377449658
Дата=23.04.2024
Сумма=950
ДатаПоступило=24.04.2024
Плательщик=Донор ЮЛ 2
Плательщик1=Донор ЮЛ 2
ПлательщикСчет=40701234234234
ПлательщикИНН=9702014610
ПлательщикРасчСчет=40702234234324
ПлательщикКорсчет=30101810200000000593
ПлательщикБИК=044525593
ПлательщикБанк1=АО "АЛЬФА-БАНК"
Получатель=БЛАГОТВОРИТЕЛЬНЫЙ ФОНД ФОНД БОРЬБЫ С ЛЕЙКЕМИЕЙ
Получатель1=БЛАГОТВОРИТЕЛЬНЫЙ ФОНД ФОНД БОРЬБЫ С ЛЕЙКЕМИЕЙ
ПолучательСчет=40703810200000720499
ПолучательИНН=7704282227
ПолучательРасчСчет=40703810200000720499
ПолучательКорсчет=30101810145250000974
ПолучательБИК=044525974
ПолучательБанк1=АО "ТИНЬКОФФ БАНК"
ВидОплаты=01
НазначениеПлатежа=Пожертвование
Очередность=5
КонецДокумента

СекцияДокумент=Платежное поручение
Номер=5423377444458
Дата=23.04.2024
Сумма=7450
ДатаПоступило=24.04.2024
Плательщик=Донор ЮЛ 3
Плательщик1=Донор ЮЛ 3
ПлательщикСчет=4080223432424
ПлательщикИНН=9702014610
ПлательщикРасчСчет=40702234234324
ПлательщикКорсчет=30101810200000000593
ПлательщикБИК=044525593
ПлательщикБанк1=АО "АЛЬФА-БАНК"
Получатель=БЛАГОТВОРИТЕЛЬНЫЙ ФОНД ФОНД БОРЬБЫ С ЛЕЙКЕМИЕЙ
Получатель1=БЛАГОТВОРИТЕЛЬНЫЙ ФОНД ФОНД БОРЬБЫ С ЛЕЙКЕМИЕЙ
ПолучательСчет=40703810200000720499
ПолучательИНН=7704282227
ПолучательРасчСчет=40703810200000720499
ПолучательКорсчет=30101810145250000974
ПолучательБИК=044525974
ПолучательБанк1=АО "ТИНЬКОФФ БАНК"
ВидОплаты=01
НазначениеПлатежа=Пожертвование
Очередность=5
КонецДокумента

СекцияДокумент=Платежное поручение
Номер=54233771258
Дата=23.04.2024
Сумма=8750
ДатаПоступило=24.04.2024
Плательщик=Донор ЮЛ 4
Плательщик1=Донор ЮЛ 4
ПлательщикСчет=408072332423432
ПлательщикИНН=9702014610
ПлательщикРасчСчет=40702234234324
ПлательщикКорсчет=30101810200000000593
ПлательщикБИК=044525593
ПлательщикБанк1=АО "АЛЬФА-БАНК"
Получатель=БЛАГОТВОРИТЕЛЬНЫЙ ФОНД ФОНД БОРЬБЫ С ЛЕЙКЕМИЕЙ
Получатель1=БЛАГОТВОРИТЕЛЬНЫЙ ФОНД ФОНД БОРЬБЫ С ЛЕЙКЕМИЕЙ
ПолучательСчет=40703810200000720499
ПолучательИНН=7704282227
ПолучательРасчСчет=40703810200000720499
ПолучательКорсчет=30101810145250000974
ПолучательБИК=044525974
ПолучательБанк1=АО "ТИНЬКОФФ БАНК"
ВидОплаты=01
НазначениеПлатежа=Пожертвование
Очередность=5
КонецДокумента

СекцияДокумент=Платежное поручение
Номер=54233464658
Дата=23.04.2024
Сумма=2230
ДатаПоступило=24.04.2024
Плательщик=Донор ЮЛ 5
Плательщик1=Донор ЮЛ 5
ПлательщикСчет=408072332423432
ПлательщикИНН=9702014610
ПлательщикРасчСчет=4090723424242
ПлательщикКорсчет=30101810200000000593
ПлательщикБИК=044525593
ПлательщикБанк1=АО "АЛЬФА-БАНК"
Получатель=БЛАГОТВОРИТЕЛЬНЫЙ ФОНД ФОНД БОРЬБЫ С ЛЕЙКЕМИЕЙ
Получатель1=БЛАГОТВОРИТЕЛЬНЫЙ ФОНД ФОНД БОРЬБЫ С ЛЕЙКЕМИЕЙ
ПолучательСчет=40703810200000720499
ПолучательИНН=7704282227
ПолучательРасчСчет=40703810200000720499
ПолучательКорсчет=30101810145250000974
ПолучательБИК=044525974
ПолучательБанк1=АО "ТИНЬКОФФ БАНК"
ВидОплаты=01
НазначениеПлатежа=Пожертвование
Очередность=5
КонецДокумента

СекцияДокумент=Платежное поручение
Номер=5423346444658
Дата=23.04.2024
Сумма=3330
ДатаПоступило=24.04.2024
Плательщик=Интернет решения
Плательщик1=Интернет решения
ПлательщикСчет=408072332423432
ПлательщикИНН=9702014610
ПлательщикРасчСчет=4090723424242
ПлательщикКорсчет=30101810200000000593
ПлательщикБИК=044525593
ПлательщикБанк1=АО "АЛЬФА-БАНК"
Получатель=БЛАГОТВОРИТЕЛЬНЫЙ ФОНД ФОНД БОРЬБЫ С ЛЕЙКЕМИЕЙ
Получатель1=БЛАГОТВОРИТЕЛЬНЫЙ ФОНД ФОНД БОРЬБЫ С ЛЕЙКЕМИЕЙ
ПолучательСчет=40703810200000720499
ПолучательИНН=7704282227
ПолучательРасчСчет=40703810200000720499
ПолучательКорсчет=30101810145250000974
ПолучательБИК=044525974
ПолучательБанк1=АО "ТИНЬКОФФ БАНК"
ВидОплаты=01
НазначениеПлатежа=Договор ИР-81138/21 от 15.09.2021
Очередность=5
КонецДокумента

СекцияДокумент=Платежное поручение
Номер=544326444658
Дата=23.04.2024
Сумма=4530
ДатаПоступило=24.04.2024
Плательщик=Индивидуальный предприниматель Жигулова
Плательщик1=Индивидуальный предприниматель Жигулова
ПлательщикСчет=408072332423432
ПлательщикИНН=9702014610
ПлательщикРасчСчет=4090723424242
ПлательщикКорсчет=30101810200000000593
ПлательщикБИК=044525593
ПлательщикБанк1=АО "АЛЬФА-БАНК"
Получатель=БЛАГОТВОРИТЕЛЬНЫЙ ФОНД ФОНД БОРЬБЫ С ЛЕЙКЕМИЕЙ
Получатель1=БЛАГОТВОРИТЕЛЬНЫЙ ФОНД ФОНД БОРЬБЫ С ЛЕЙКЕМИЕЙ
ПолучательСчет=40703810200000720499
ПолучательИНН=7704282227
ПолучательРасчСчет=40703810200000720499
ПолучательКорсчет=30101810145250000974
ПолучательБИК=044525974
ПолучательБанк1=АО "ТИНЬКОФФ БАНК"
ВидОплаты=01
НазначениеПлатежа=Договор ИР-81138/21 от 15.09.2021
Очередность=5
КонецДокумента

СекцияДокумент=Платежное поручение
Номер=5443264737
Дата=23.04.2024
Сумма=7130
ДатаПоступило=24.04.2024
Плательщик=ИП Гуйда
Плательщик1=ИП Гуйда
ПлательщикСчет=408072332423432
ПлательщикИНН=9702014610
ПлательщикРасчСчет=4090723424242
ПлательщикКорсчет=30101810200000000593
ПлательщикБИК=044525593
ПлательщикБанк1=АО "АЛЬФА-БАНК"
Получатель=БЛАГОТВОРИТЕЛЬНЫЙ ФОНД ФОНД БОРЬБЫ С ЛЕЙКЕМИЕЙ
Получатель1=БЛАГОТВОРИТЕЛЬНЫЙ ФОНД ФОНД БОРЬБЫ С ЛЕЙКЕМИЕЙ
ПолучательСчет=40703810200000720499
ПолучательИНН=7704282227
ПолучательРасчСчет=40703810200000720499
ПолучательКорсчет=30101810145250000974
ПолучательБИК=044525974
ПолучательБанк1=АО "ТИНЬКОФФ БАНК"
ВидОплаты=01
НазначениеПлатежа=Благотворительное пожертвование
Очередность=5
КонецДокумента

СекцияДокумент=Платежное поручение
Номер=54487737
Дата=23.04.2024
Сумма=34530
ДатаПоступило=24.04.2024
Плательщик=ПФАЙЗЕР
Плательщик1=ПФАЙЗЕР
ПлательщикСчет=408072332423432
ПлательщикИНН=9702014610
ПлательщикРасчСчет=4090723424242
ПлательщикКорсчет=30101810200000000593
ПлательщикБИК=044525593
ПлательщикБанк1=АО "АЛЬФА-БАНК"
Получатель=БЛАГОТВОРИТЕЛЬНЫЙ ФОНД ФОНД БОРЬБЫ С ЛЕЙКЕМИЕЙ
Получатель1=БЛАГОТВОРИТЕЛЬНЫЙ ФОНД ФОНД БОРЬБЫ С ЛЕЙКЕМИЕЙ
ПолучательСчет=40703810200000720499
ПолучательИНН=7704282227
ПолучательРасчСчет=40703810200000720499
ПолучательКорсчет=30101810145250000974
ПолучательБИК=044525974
ПолучательБанк1=АО "ТИНЬКОФФ БАНК"
ВидОплаты=01
НазначениеПлатежа=Благотворительное пожертвование
Очередность=5
КонецДокумента

СекцияДокумент=Платежное поручение
Номер=54487737555
Дата=23.04.2024
Сумма=12530
ДатаПоступило=24.04.2024
Плательщик=Фармстандарт
Плательщик1=Фармстандарт
ПлательщикСчет=408072332423432
ПлательщикИНН=9702014610
ПлательщикРасчСчет=4090723424242
ПлательщикКорсчет=30101810200000000593
ПлательщикБИК=044525593
ПлательщикБанк1=АО "АЛЬФА-БАНК"
Получатель=БЛАГОТВОРИТЕЛЬНЫЙ ФОНД ФОНД БОРЬБЫ С ЛЕЙКЕМИЕЙ
Получатель1=БЛАГОТВОРИТЕЛЬНЫЙ ФОНД ФОНД БОРЬБЫ С ЛЕЙКЕМИЕЙ
ПолучательСчет=40703810200000720499
ПолучательИНН=7704282227
ПолучательРасчСчет=40703810200000720499
ПолучательКорсчет=30101810145250000974
ПолучательБИК=044525974
ПолучательБанк1=АО "ТИНЬКОФФ БАНК"
ВидОплаты=01
НазначениеПлатежа=Благотворительное пожертвование
Очередность=5
КонецДокумента

СекцияДокумент=Платежное поручение
Номер=5448762155
Дата=23.04.2024
Сумма=46530
ДатаПоступило=24.04.2024
Плательщик=АФОФАРМ
Плательщик1=АФОФАРМ
ПлательщикСчет=408072332423432
ПлательщикИНН=9702014610
ПлательщикРасчСчет=4090723424242
ПлательщикКорсчет=30101810200000000593
ПлательщикБИК=044525593
ПлательщикБанк1=АО "АЛЬФА-БАНК"
Получатель=БЛАГОТВОРИТЕЛЬНЫЙ ФОНД ФОНД БОРЬБЫ С ЛЕЙКЕМИЕЙ
Получатель1=БЛАГОТВОРИТЕЛЬНЫЙ ФОНД ФОНД БОРЬБЫ С ЛЕЙКЕМИЕЙ
ПолучательСчет=40703810200000720499
ПолучательИНН=7704282227
ПолучательРасчСчет=40703810200000720499
ПолучательКорсчет=30101810145250000974
ПолучательБИК=044525974
ПолучательБанк1=АО "ТИНЬКОФФ БАНК"
ВидОплаты=01
НазначениеПлатежа=Благотворительное пожертвование
Очередность=5
КонецДокумента

СекцияДокумент=Платежное поручение
Номер=54445662155
Дата=23.04.2024
Сумма=464530
ДатаПоступило=24.04.2024
Плательщик=ООО "ЭббВи
Плательщик1=ООО "ЭббВи
ПлательщикСчет=408072332423432
ПлательщикИНН=7743855873
ПлательщикРасчСчет=4090723424242
ПлательщикКорсчет=30101810200000000593
ПлательщикБИК=044525593
ПлательщикБанк1=АО "АЛЬФА-БАНК"
Получатель=БЛАГОТВОРИТЕЛЬНЫЙ ФОНД ФОНД БОРЬБЫ С ЛЕЙКЕМИЕЙ
Получатель1=БЛАГОТВОРИТЕЛЬНЫЙ ФОНД ФОНД БОРЬБЫ С ЛЕЙКЕМИЕЙ
ПолучательСчет=40703810200000720499
ПолучательИНН=7704282227
ПолучательРасчСчет=40703810200000720499
ПолучательКорсчет=30101810145250000974
ПолучательБИК=044525974
ПолучательБанк1=АО "ТИНЬКОФФ БАНК"
ВидОплаты=01
НазначениеПлатежа=Благотворительное пожертвование
Очередность=5
КонецДокумента

СекцияДокумент=Платежное поручение
Номер=84445662155
Дата=23.04.2024
Сумма=12300
ДатаПоступило=24.04.2024
Плательщик=ООО "АСТЕЛЛАС ФАРМА ПРОДАКШЕН"
Плательщик1=ООО "АСТЕЛЛАС ФАРМА ПРОДАКШЕН"
ПлательщикСчет=408072332423432
ПлательщикИНН=7709948951
ПлательщикРасчСчет=4090723424242
ПлательщикКорсчет=30101810200000000593
ПлательщикБИК=044525593
ПлательщикБанк1=АО "АЛЬФА-БАНК"
Получатель=БЛАГОТВОРИТЕЛЬНЫЙ ФОНД ФОНД БОРЬБЫ С ЛЕЙКЕМИЕЙ
Получатель1=БЛАГОТВОРИТЕЛЬНЫЙ ФОНД ФОНД БОРЬБЫ С ЛЕЙКЕМИЕЙ
ПолучательСчет=40703810200000720499
ПолучательИНН=7704282227
ПолучательРасчСчет=40703810200000720499
ПолучательКорсчет=30101810145250000974
ПолучательБИК=044525974
ПолучательБанк1=АО "ТИНЬКОФФ БАНК"
ВидОплаты=01
НазначениеПлатежа=Благотворительное пожертвование
Очередность=5
КонецДокумента

СекцияДокумент=Платежное поручение
Номер=84445662154
Дата=23.04.2024
Сумма=16700
ДатаПоступило=24.04.2024
Плательщик=ООО "ДЖОНСОН & ДЖОНСОН"
Плательщик1=ООО "ДЖОНСОН & ДЖОНСОН"
ПлательщикСчет=408072332423432
ПлательщикИНН=7725216105
ПлательщикРасчСчет=4090723424242
ПлательщикКорсчет=30101810200000000593
ПлательщикБИК=044525593
ПлательщикБанк1=АО "АЛЬФА-БАНК"
Получатель=БЛАГОТВОРИТЕЛЬНЫЙ ФОНД ФОНД БОРЬБЫ С ЛЕЙКЕМИЕЙ
Получатель1=БЛАГОТВОРИТЕЛЬНЫЙ ФОНД ФОНД БОРЬБЫ С ЛЕЙКЕМИЕЙ
ПолучательСчет=40703810200000720499
ПолучательИНН=7704282227
ПолучательРасчСчет=40703810200000720499
ПолучательКорсчет=30101810145250000974
ПолучательБИК=044525974
ПолучательБанк1=АО "ТИНЬКОФФ БАНК"
ВидОплаты=01
НазначениеПлатежа=Благотворительное пожертвование
Очередность=5
КонецДокумента

СекцияДокумент=Платежное поручение
Номер=85959554
Дата=23.04.2024
Сумма=13450
ДатаПоступило=24.04.2024
Плательщик=ООО "ТАКЕДА ФАРМАСЬЮТИКАЛС"
Плательщик1=ООО "ТАКЕДА ФАРМАСЬЮТИКАЛС"
ПлательщикСчет=408072332423432
ПлательщикИНН=7711067140
ПлательщикРасчСчет=4090723424242
ПлательщикКорсчет=30101810200000000593
ПлательщикБИК=044525593
ПлательщикБанк1=АО "АЛЬФА-БАНК"
Получатель=БЛАГОТВОРИТЕЛЬНЫЙ ФОНД ФОНД БОРЬБЫ С ЛЕЙКЕМИЕЙ
Получатель1=БЛАГОТВОРИТЕЛЬНЫЙ ФОНД ФОНД БОРЬБЫ С ЛЕЙКЕМИЕЙ
ПолучательСчет=40703810200000720499
ПолучательИНН=7704282227
ПолучательРасчСчет=40703810200000720499
ПолучательКорсчет=30101810145250000974
ПолучательБИК=044525974
ПолучательБанк1=АО "ТИНЬКОФФ БАНК"
ВидОплаты=01
НазначениеПлатежа=Благотворительное пожертвование
Очередность=5
КонецДокумента

СекцияДокумент=Платежное поручение
Номер=859595543
Дата=23.04.2024
Сумма=10500
ДатаПоступило=24.04.2024
Плательщик=ООО "НОВАРТИС ФАРМА"
Плательщик1=ООО "НОВАРТИС ФАРМА"
ПлательщикСчет=408072332423432
ПлательщикИНН=7705772224
ПлательщикРасчСчет=4090723424242
ПлательщикКорсчет=30101810200000000593
ПлательщикБИК=044525593
ПлательщикБанк1=АО "АЛЬФА-БАНК"
Получатель=БЛАГОТВОРИТЕЛЬНЫЙ ФОНД ФОНД БОРЬБЫ С ЛЕЙКЕМИЕЙ
Получатель1=БЛАГОТВОРИТЕЛЬНЫЙ ФОНД ФОНД БОРЬБЫ С ЛЕЙКЕМИЕЙ
ПолучательСчет=40703810200000720499
ПолучательИНН=7704282227
ПолучательРасчСчет=40703810200000720499
ПолучательКорсчет=30101810145250000974
ПолучательБИК=044525974
ПолучательБанк1=АО "ТИНЬКОФФ БАНК"
ВидОплаты=01
НазначениеПлатежа=Благотворительное пожертвование
Очередность=5
КонецДокумента

СекцияДокумент=Платежное поручение
Номер=8595455543
Дата=23.04.2024
Сумма=14000
ДатаПоступило=24.04.2024
Плательщик=ООО "АСТРАЗЕНЕКА ФАРМАСЬЮТИКАЛЗ"
Плательщик1=ООО "АСТРАЗЕНЕКА ФАРМАСЬЮТИКАЛЗ"
ПлательщикСчет=408072332423432
ПлательщикИНН=7704579700
ПлательщикРасчСчет=4090723424242
ПлательщикКорсчет=30101810200000000593
ПлательщикБИК=044525593
ПлательщикБанк1=АО "АЛЬФА-БАНК"
Получатель=БЛАГОТВОРИТЕЛЬНЫЙ ФОНД ФОНД БОРЬБЫ С ЛЕЙКЕМИЕЙ
Получатель1=БЛАГОТВОРИТЕЛЬНЫЙ ФОНД ФОНД БОРЬБЫ С ЛЕЙКЕМИЕЙ
ПолучательСчет=40703810200000720499
ПолучательИНН=7704282227
ПолучательРасчСчет=40703810200000720499
ПолучательКорсчет=30101810145250000974
ПолучательБИК=044525974
ПолучательБанк1=АО "ТИНЬКОФФ БАНК"
ВидОплаты=01
НазначениеПлатежа=Благотворительное пожертвование
Очередность=5
КонецДокумента

СекцияДокумент=Платежное поручение
Номер=85954155543
Дата=23.04.2024
Сумма=14500
ДатаПоступило=24.04.2024
Плательщик=ООО Купишуз
Плательщик1=ООО Купишуз
ПлательщикСчет=408072332423432
ПлательщикИНН=7704579711
ПлательщикРасчСчет=4090723424242
ПлательщикКорсчет=30101810200000000593
ПлательщикБИК=044525593
ПлательщикБанк1=АО "АЛЬФА-БАНК"
Получатель=БЛАГОТВОРИТЕЛЬНЫЙ ФОНД ФОНД БОРЬБЫ С ЛЕЙКЕМИЕЙ
Получатель1=БЛАГОТВОРИТЕЛЬНЫЙ ФОНД ФОНД БОРЬБЫ С ЛЕЙКЕМИЕЙ
ПолучательСчет=40703810200000720499
ПолучательИНН=7704282227
ПолучательРасчСчет=40703810200000720499
ПолучательКорсчет=30101810145250000974
ПолучательБИК=044525974
ПолучательБанк1=АО "ТИНЬКОФФ БАНК"
ВидОплаты=01
НазначениеПлатежа=Выплата процентов по депозиту по договору №435345
Очередность=5
КонецДокумента

СекцияДокумент=Платежное поручение
Номер=85955355543
Дата=23.04.2024
Сумма=21500
ДатаПоступило=24.04.2024
Плательщик=ООО Купишуз
Плательщик1=ООО Купишуз
ПлательщикСчет=408072332423432
ПлательщикИНН=7704579711
ПлательщикРасчСчет=4090723424242
ПлательщикКорсчет=30101810200000000593
ПлательщикБИК=044525593
ПлательщикБанк1=АО "АЛЬФА-БАНК"
Получатель=БЛАГОТВОРИТЕЛЬНЫЙ ФОНД ФОНД БОРЬБЫ С ЛЕЙКЕМИЕЙ
Получатель1=БЛАГОТВОРИТЕЛЬНЫЙ ФОНД ФОНД БОРЬБЫ С ЛЕЙКЕМИЕЙ
ПолучательСчет=40703810200000720499
ПолучательИНН=7704282227
ПолучательРасчСчет=40703810200000720499
ПолучательКорсчет=30101810145250000974
ПолучательБИК=044525974
ПолучательБанк1=АО "ТИНЬКОФФ БАНК"
ВидОплаты=01
НазначениеПлатежа=Возврат процентов с депозита "Овернайт"
Очередность=5

СекцияДокумент=Платежное поручение
Номер=85955355543
Дата=23.04.2024
Сумма=21500
ДатаПоступило=24.04.2024
Плательщик=ООО Купишуз
Плательщик1=ООО Купишуз
ПлательщикСчет=422024433473
ПлательщикИНН=7704579711
ПлательщикРасчСчет=4090723424242
ПлательщикКорсчет=30101810200000000593
ПлательщикБИК=044525593
ПлательщикБанк1=АО "АЛЬФА-БАНК"
Получатель=БЛАГОТВОРИТЕЛЬНЫЙ ФОНД ФОНД БОРЬБЫ С ЛЕЙКЕМИЕЙ
Получатель1=БЛАГОТВОРИТЕЛЬНЫЙ ФОНД ФОНД БОРЬБЫ С ЛЕЙКЕМИЕЙ
ПолучательСчет=40703810200000720499
ПолучательИНН=7704282227
ПолучательРасчСчет=40703810200000720499
ПолучательКорсчет=30101810145250000974
ПолучательБИК=044525974
ПолучательБанк1=АО "ТИНЬКОФФ БАНК"
ВидОплаты=01
НазначениеПлатежа=Возврат процентов с депозита
Очередность=5

СекцияДокумент=Платежное поручение
Номер=859474754345
Дата=23.04.2024
Сумма=1800
ДатаПоступило=24.04.2024
Плательщик=АО "ТИНЬКОФФ БАНК”
Плательщик1=АО "ТИНЬКОФФ БАНК”
ПлательщикСчет=422024433473
ПлательщикИНН=7704579711
ПлательщикРасчСчет=4090723424242
ПлательщикКорсчет=30101810200000000593
ПлательщикБИК=044525593
ПлательщикБанк1=АО "АЛЬФА-БАНК"
Получатель=БЛАГОТВОРИТЕЛЬНЫЙ ФОНД ФОНД БОРЬБЫ С ЛЕЙКЕМИЕЙ
Получатель1=БЛАГОТВОРИТЕЛЬНЫЙ ФОНД ФОНД БОРЬБЫ С ЛЕЙКЕМИЕЙ
ПолучательСчет=40703810200000720499
ПолучательИНН=7704282227
ПолучательРасчСчет=40703810200000720499
ПолучательКорсчет=30101810145250000974
ПолучательБИК=044525974
ПолучательБанк1=АО "ТИНЬКОФФ БАНК"
ВидОплаты=01
НазначениеПлатежа=Зачисление средств по терминалам эквайринга
Очередность=5

СекцияДокумент=Платежное поручение
Номер=859474754345
Дата=23.04.2024
Сумма=1800
ДатаПоступило=24.04.2024
Плательщик=АО "ТИНЬКОФФ БАНК”
Плательщик1=АО "ТИНЬКОФФ БАНК”
ПлательщикСчет=422024433473
ПлательщикИНН=7704579711
ПлательщикРасчСчет=4090723424242
ПлательщикКорсчет=30101810200000000593
ПлательщикБИК=044525593
ПлательщикБанк1=АО "АЛЬФА-БАНК"
Получатель=БЛАГОТВОРИТЕЛЬНЫЙ ФОНД ФОНД БОРЬБЫ С ЛЕЙКЕМИЕЙ
Получатель1=БЛАГОТВОРИТЕЛЬНЫЙ ФОНД ФОНД БОРЬБЫ С ЛЕЙКЕМИЕЙ
ПолучательСчет=40703810200000720499
ПолучательИНН=7704282227
ПолучательРасчСчет=40703810200000720499
ПолучательКорсчет=30101810145250000974
ПолучательБИК=044525974
ПолучательБанк1=АО "ТИНЬКОФФ БАНК"
ВидОплаты=01
НазначениеПлатежа=Терминал FOND BORBY S LEIKEMIEY
Очередность=5

СекцияДокумент=Платежное поручение
Номер=8594747154345
Дата=23.04.2024
Сумма=18400
ДатаПоступило=24.04.2024
Плательщик=Грантодатель 1
Плательщик1=Грантодатель 1
ПлательщикСчет=422024433473
ПлательщикИНН=7714997129
ПлательщикРасчСчет=4090723424242
ПлательщикКорсчет=30101810200000000593
ПлательщикБИК=044525593
ПлательщикБанк1=АО "АЛЬФА-БАНК"
Получатель=БЛАГОТВОРИТЕЛЬНЫЙ ФОНД ФОНД БОРЬБЫ С ЛЕЙКЕМИЕЙ
Получатель1=БЛАГОТВОРИТЕЛЬНЫЙ ФОНД ФОНД БОРЬБЫ С ЛЕЙКЕМИЕЙ
ПолучательСчет=40703810200000720499
ПолучательИНН=7704282227
ПолучательРасчСчет=40703810200000720499
ПолучательКорсчет=30101810145250000974
ПолучательБИК=044525974
ПолучательБанк1=АО "ТИНЬКОФФ БАНК"
ВидОплаты=01
НазначениеПлатежа=Грант
Очередность=5

СекцияДокумент=Платежное поручение
Номер=8511747154345
Дата=23.04.2024
Сумма=11400
ДатаПоступило=24.04.2024
Плательщик=Грантодатель 2
Плательщик1=Грантодатель 2
ПлательщикСчет=422024433473
ПлательщикИНН=5003039076
ПлательщикРасчСчет=4090723424242
ПлательщикКорсчет=30101810200000000593
ПлательщикБИК=044525593
ПлательщикБанк1=АО "АЛЬФА-БАНК"
Получатель=БЛАГОТВОРИТЕЛЬНЫЙ ФОНД ФОНД БОРЬБЫ С ЛЕЙКЕМИЕЙ
Получатель1=БЛАГОТВОРИТЕЛЬНЫЙ ФОНД ФОНД БОРЬБЫ С ЛЕЙКЕМИЕЙ
ПолучательСчет=40703810200000720499
ПолучательИНН=7704282227
ПолучательРасчСчет=40703810200000720499
ПолучательКорсчет=30101810145250000974
ПолучательБИК=044525974
ПолучательБанк1=АО "ТИНЬКОФФ БАНК"
ВидОплаты=01
НазначениеПлатежа=Грант 2
Очередность=5

СекцияДокумент=Платежное поручение
Номер=851174709345
Дата=23.04.2024
Сумма=17000
ДатаПоступило=24.04.2024
Плательщик=Грантодатель 3
Плательщик1=Грантодатель 3
ПлательщикСчет=422024433473
ПлательщикИНН=7703424091
ПлательщикРасчСчет=4090723424242
ПлательщикКорсчет=30101810200000000593
ПлательщикБИК=044525593
ПлательщикБанк1=АО "АЛЬФА-БАНК"
Получатель=БЛАГОТВОРИТЕЛЬНЫЙ ФОНД ФОНД БОРЬБЫ С ЛЕЙКЕМИЕЙ
Получатель1=БЛАГОТВОРИТЕЛЬНЫЙ ФОНД ФОНД БОРЬБЫ С ЛЕЙКЕМИЕЙ
ПолучательСчет=40703810200000720499
ПолучательИНН=7704282227
ПолучательРасчСчет=40703810200000720499
ПолучательКорсчет=30101810145250000974
ПолучательБИК=044525974
ПолучательБанк1=АО "ТИНЬКОФФ БАНК"
ВидОплаты=01
НазначениеПлатежа=Грант 3
Очередность=5

СекцияДокумент=Платежное поручение
Номер=8511174709345
Дата=23.04.2024
Сумма=17200
ДатаПоступило=24.04.2024
Плательщик=Грантодатель 4
Плательщик1=Грантодатель 4
ПлательщикСчет=422024433473
ПлательщикИНН=7704253508
ПлательщикРасчСчет=4090723424242
ПлательщикКорсчет=30101810200000000593
ПлательщикБИК=044525593
ПлательщикБанк1=АО "АЛЬФА-БАНК"
Получатель=БЛАГОТВОРИТЕЛЬНЫЙ ФОНД ФОНД БОРЬБЫ С ЛЕЙКЕМИЕЙ
Получатель1=БЛАГОТВОРИТЕЛЬНЫЙ ФОНД ФОНД БОРЬБЫ С ЛЕЙКЕМИЕЙ
ПолучательСчет=40703810200000720499
ПолучательИНН=7704282227
ПолучательРасчСчет=40703810200000720499
ПолучательКорсчет=30101810145250000974
ПолучательБИК=044525974
ПолучательБанк1=АО "ТИНЬКОФФ БАНК"
ВидОплаты=01
НазначениеПлатежа=Грант 4
Очередность=5

СекцияДокумент=Платежное поручение
Номер=8511174709345
Дата=23.04.2024
Сумма=190000
ДатаПоступило=24.04.2024
Плательщик=Грантодатель 5
Плательщик1=Грантодатель 5
ПлательщикСчет=422024433473
ПлательщикИНН=7702231587
ПлательщикРасчСчет=4090723424242
ПлательщикКорсчет=30101810200000000593
ПлательщикБИК=044525593
ПлательщикБанк1=АО "АЛЬФА-БАНК"
Получатель=БЛАГОТВОРИТЕЛЬНЫЙ ФОНД ФОНД БОРЬБЫ С ЛЕЙКЕМИЕЙ
Получатель1=БЛАГОТВОРИТЕЛЬНЫЙ ФОНД ФОНД БОРЬБЫ С ЛЕЙКЕМИЕЙ
ПолучательСчет=40703810200000720499
ПолучательИНН=7704282227
ПолучательРасчСчет=40703810200000720499
ПолучательКорсчет=30101810145250000974
ПолучательБИК=044525974
ПолучательБанк1=АО "ТИНЬКОФФ БАНК"
ВидОплаты=01
НазначениеПлатежа=Грант 5
Очередность=5

СекцияДокумент=Платежное поручение
Номер=8594747543
Дата=23.04.2024
Сумма=11500
ДатаПоступило=24.04.2024
Плательщик=АО "ТИНЬКОФФ БАНК”
Плательщик1=АО "ТИНЬКОФФ БАНК”
ПлательщикСчет=422024433473
ПлательщикИНН=7704579711
ПлательщикРасчСчет=4090723424242
ПлательщикКорсчет=30101810200000000593
ПлательщикБИК=044525593
ПлательщикБанк1=АО "АЛЬФА-БАНК"
Получатель=БЛАГОТВОРИТЕЛЬНЫЙ ФОНД ФОНД БОРЬБЫ С ЛЕЙКЕМИЕЙ
Получатель1=БЛАГОТВОРИТЕЛЬНЫЙ ФОНД ФОНД БОРЬБЫ С ЛЕЙКЕМИЕЙ
ПолучательСчет=40703810200000720499
ПолучательИНН=7704282227
ПолучательРасчСчет=40703810200000720499
ПолучательКорсчет=30101810145250000974
ПолучательБИК=044525974
ПолучательБанк1=АО "ТИНЬКОФФ БАНК"
ВидОплаты=01
НазначениеПлатежа=Зачисление средств по терминалам эквайринга
Очередность=5

СекцияДокумент=Платежное поручение
Номер=8595445543
Дата=23.04.2024
Сумма=12500
ДатаПоступило=24.04.2024
Плательщик=АО "РОШ-МОСКВА"
Плательщик1=АО "РОШ-МОСКВА"
ПлательщикСчет=408072332423432
ПлательщикИНН=7728055569
ПлательщикРасчСчет=4090723424242
ПлательщикКорсчет=30101810200000000593
ПлательщикБИК=044525593
ПлательщикБанк1=АО "АЛЬФА-БАНК"
Получатель=БЛАГОТВОРИТЕЛЬНЫЙ ФОНД ФОНД БОРЬБЫ С ЛЕЙКЕМИЕЙ
Получатель1=БЛАГОТВОРИТЕЛЬНЫЙ ФОНД ФОНД БОРЬБЫ С ЛЕЙКЕМИЕЙ
ПолучательСчет=40703810200000720499
ПолучательИНН=7704282227
ПолучательРасчСчет=40703810200000720499
ПолучательКорсчет=30101810145250000974
ПолучательБИК=044525974
ПолучательБанк1=АО "ТИНЬКОФФ БАНК"
ВидОплаты=01
НазначениеПлатежа=Благотворительное пожертвование
Очередность=5
КонецДокумента

СекцияДокумент=Платежное поручение
Номер=694062345
Дата=24.04.2024
Сумма=17400
ПлательщикСчет=30233810642000600001
ДатаСписано=
Плательщик=ИНН 7725038124 Интернет Решения
ПлательщикИНН=7725038124
ПлательщикКПП=526002001
ПлательщикРасчСчет=30233810642000600001
ПлательщикБанк1=ВОЛГО-ВЯТСКИЙ БАНК ПАО СБЕРБАНК, г.Нижний Новгород
ПлательщикБИК=042202603
ПлательщикКорсчет=30101810900000000603
ПолучательСчет=40703810738000001047
ДатаПоступило=24.04.2024
Получатель=Благотворительный фонд "Фонд борьбы с лейкемией"
ПолучательИНН=7704282227
ПолучательКПП=770401001
ПолучательРасчСчет=40703810738000001047
ПолучательБанк1=ПАО Сбербанк, г.Москва
ПолучательБИК=044525225
ПолучательКорсчет=30101810400000000225
ВидПлатежа=электронно
ВидОплаты=01
Код=
СтатусСоставителя=
ПоказательКБК=
ОКАТО=
ПоказательОснования=
ПоказательПериода=
ПоказательНомера=
ПоказательДаты=
ПоказательТипа=
Очередность=5
НазначениеПлатежа=БЛАГОТВОРИТЕЛЬНЫЙ ВЗНОС ЗА 24/04/2024 Договор КОМИСС ИР-77449/21 от 07.09.2021;
КонецДокумента

СекцияДокумент=Платежное поручение
Номер=694062345
Дата=24.04.2024
Сумма=17400
ПлательщикСчет=30233810642000600001
ДатаСписано=
Плательщик=ИНН 7725038126 АО "ТИНЬКОФФ БАНК
ПлательщикИНН=7725038126
ПлательщикКПП=526002001
ПлательщикРасчСчет=30233810642000600001
ПлательщикБанк1=ВОЛГО-ВЯТСКИЙ БАНК ПАО СБЕРБАНК, г.Нижний Новгород
ПлательщикБИК=042202603
ПлательщикКорсчет=30101810900000000603
ПолучательСчет=40703810738000001047
ДатаПоступило=24.04.2024
Получатель=Благотворительный фонд "Фонд борьбы с лейкемией"
ПолучательИНН=7704282227
ПолучательКПП=770401001
ПолучательРасчСчет=40703810738000001047
ПолучательБанк1=ПАО Сбербанк, г.Москва
ПолучательБИК=044525225
ПолучательКорсчет=30101810400000000225
ВидПлатежа=электронно
ВидОплаты=01
Код=
СтатусСоставителя=
ПоказательКБК=
ОКАТО=
ПоказательОснования=
ПоказательПериода=
ПоказательНомера=
ПоказательДаты=
ПоказательТипа=
Очередность=5
НазначениеПлатежа=Перевод средств по договору № 201509-2691 от 19.05.2022 по Реестру Операций по продаже товаров и услуг;
КонецДокумента

СекцияДокумент=Платежное поручение
Номер=694062345
Дата=24.04.2024
Сумма=17400
ПлательщикСчет=30233810642000600001
ДатаСписано=
Плательщик=ИНН 7725038126 АО "ТИНЬКОФФ БАНК
ПлательщикИНН=7725038126
ПлательщикКПП=526002001
ПлательщикРасчСчет=30233810642000600001
ПлательщикБанк1=ВОЛГО-ВЯТСКИЙ БАНК ПАО СБЕРБАНК, г.Нижний Новгород
ПлательщикБИК=042202603
ПлательщикКорсчет=30101810900000000603
ПолучательСчет=40703810738000001047
ДатаПоступило=24.04.2024
Получатель=Благотворительный фонд "Фонд борьбы с лейкемией"
ПолучательИНН=7704282227
ПолучательКПП=770401001
ПолучательРасчСчет=40703810738000001047
ПолучательБанк1=ПАО Сбербанк, г.Москва
ПолучательБИК=044525225
ПолучательКорсчет=30101810400000000225
ВидПлатежа=электронно
ВидОплаты=01
Код=
СтатусСоставителя=
ПоказательКБК=
ОКАТО=
ПоказательОснования=
ПоказательПериода=
ПоказательНомера=
ПоказательДаты=
ПоказательТипа=
Очередность=5
НазначениеПлатежа=Терминал CF LEUKEMIA FOUNDATION;
КонецДокумента

СекцияДокумент=Платежное поручение
Номер=694062345
Дата=24.04.2024
Сумма=17400
ПлательщикСчет=30233810642000600001
ДатаСписано=
Плательщик=ИНН 7725038126 АО "ТИНЬКОФФ БАНК
ПлательщикИНН=7725038126
ПлательщикКПП=526002001
ПлательщикРасчСчет=30233810642000600001
ПлательщикБанк1=ВОЛГО-ВЯТСКИЙ БАНК ПАО СБЕРБАНК, г.Нижний Новгород
ПлательщикБИК=042202603
ПлательщикКорсчет=30101810900000000603
ПолучательСчет=40703810738000001047
ДатаПоступило=24.04.2024
Получатель=Благотворительный фонд "Фонд борьбы с лейкемией"
ПолучательИНН=7704282227
ПолучательКПП=770401001
ПолучательРасчСчет=40703810738000001047
ПолучательБанк1=ПАО Сбербанк, г.Москва
ПолучательБИК=044525225
ПолучательКорсчет=30101810400000000225
ВидПлатежа=электронно
ВидОплаты=01
Код=
СтатусСоставителя=
ПоказательКБК=
ОКАТО=
ПоказательОснования=
ПоказательПериода=
ПоказательНомера=
ПоказательДаты=
ПоказательТипа=
Очередность=5
НазначениеПлатежа=Перевод с карты ;
КонецДокумента

СекцияДокумент=Платежное поручение
Номер=698
Дата=24.04.2024
Сумма=75000
ДатаСписано=24.04.2024
Плательщик=БЛАГОТВОРИТЕЛЬНЫЙ ФОНД "ФОНД БОРЬБЫ С ЛЕЙКЕМИЕЙ"
Плательщик1=БЛАГОТВОРИТЕЛЬНЫЙ ФОНД "ФОНД БОРЬБЫ С ЛЕЙКЕМИЕЙ"
ПлательщикСчет=40703810200000720499
ПлательщикИНН=7704282227
ПлательщикРасчСчет=40703810200000720499
ПлательщикКорсчет=30101810145250000974
ПлательщикБИК=044525974
ПлательщикБанк1=АО "ТИНЬКОФФ БАНК"
ПлательщикКПП=770401001
Получатель=ИП Кочнева Ольга Петровна
Получатель1=ИП Кочнева Ольга Петровна
ПолучательСчет=40802810538000052663
ПолучательИНН=771408073385
ПолучательРасчСчет=40802810538000052663
ПолучательКорсчет=30101810400000000225
ПолучательБИК=044525225
ПолучательБанк1=ПАО СБЕРБАНК
ПолучательКПП=0
ВидОплаты=01
Код=0
НазначениеПлатежа=Оплата аренды амбулаторной квартиры по Договору Аренды №1-А/2021 от 25.01.2021 за период с 25.04.2024г.-24.05.2024г., БП3. НДС не облагается
Очередность=5
КонецДокумента

СекцияДокумент=Платежное поручение
Номер=700
Дата=24.04.2024
Сумма=254507
ДатаСписано=24.04.2024
Плательщик=БЛАГОТВОРИТЕЛЬНЫЙ ФОНД "ФОНД БОРЬБЫ С ЛЕЙКЕМИЕЙ"
Плательщик1=БЛАГОТВОРИТЕЛЬНЫЙ ФОНД "ФОНД БОРЬБЫ С ЛЕЙКЕМИЕЙ"
ПлательщикСчет=40703810200000720499
ПлательщикИНН=7704282227
ПлательщикРасчСчет=40703810200000720499
ПлательщикКорсчет=30101810145250000974
ПлательщикБИК=044525974
ПлательщикБанк1=АО "ТИНЬКОФФ БАНК"
ПлательщикКПП=770401001
Получатель=БЛАГОТВОРИТЕЛЬНЫЙ ФОНД "НАЦИОНАЛЬНЫЙ РДКМ"
Получатель1=БЛАГОТВОРИТЕЛЬНЫЙ ФОНД "НАЦИОНАЛЬНЫЙ РДКМ"
ПолучательСчет=40703810200000004419
ПолучательИНН=7714999817
ПолучательРасчСчет=40703810200000004419
ПолучательКорсчет=30101810200000000700
ПолучательБИК=044525700
ПолучательБанк1=АО "РАЙФФАЙЗЕНБАНК"
ПолучательКПП=771401001
ВидОплаты=01
Код=0
НазначениеПлатежа=Аванс 30% по счету 43 от 17.04.2024,  договору 08/08/23-1 от 08.08.2023г. за оказание услуг по подбору, активации и доставки ГСК неродственного донора по России для пациента Грунин Д.М. БП2. (2.17) Без НДС
Очередность=5
КонецДокумента

СекцияДокумент=Платежное поручение
Номер=703
Дата=24.04.2024
Сумма=58240
ДатаСписано=24.04.2024
Плательщик=БЛАГОТВОРИТЕЛЬНЫЙ ФОНД "ФОНД БОРЬБЫ С ЛЕЙКЕМИЕЙ"
Плательщик1=БЛАГОТВОРИТЕЛЬНЫЙ ФОНД "ФОНД БОРЬБЫ С ЛЕЙКЕМИЕЙ"
ПлательщикСчет=40703810200000720499
ПлательщикИНН=7704282227
ПлательщикРасчСчет=40703810200000720499
ПлательщикКорсчет=30101810145250000974
ПлательщикБИК=044525974
ПлательщикБанк1=АО "ТИНЬКОФФ БАНК"
ПлательщикКПП=770401001
Получатель=УФК по г.Москве (ФГБУ "НМИЦ гематологии" Минздрава России л/сч 20736У93830)
Получатель1=УФК по г.Москве (ФГБУ "НМИЦ гематологии" Минздрава России л/сч 20736У93830)
ПолучательСчет=03214643000000017300
ПолучательИНН=7714061756
ПолучательРасчСчет=03214643000000017300
ПолучательКорсчет=40102810545370000003
ПолучательБИК=004525988
ПолучательБанк1=ГУ БАНКА РОССИИ ПО ЦФО //УФК ПО Г. МОСКВЕ
ПолучательКПП=771401001
ВидОплаты=01
Код=0
НазначениеПлатежа=Оплата по счету П00000426 от 18.04.2024, дог 188м от 05.10.2018 за медицинские услуги HLA-типирование 2 род доноров для Кулешова К.В. БП 2. (2.5).Без НДС.
СтатусСоставителя=08
ПоказательКБК=00000000000000000130
ОКАТО=45333000
ПоказательОснования=0
ПоказательПериода=0
ПоказательНомера=0
ПоказательДаты=0
ПоказательТипа=0
Очередность=5
КонецДокумента

СекцияДокумент=Платежное поручение
Номер=706
Дата=24.04.2024
Сумма=8700
ДатаСписано=24.04.2024
Плательщик=БЛАГОТВОРИТЕЛЬНЫЙ ФОНД "ФОНД БОРЬБЫ С ЛЕЙКЕМИЕЙ"
Плательщик1=БЛАГОТВОРИТЕЛЬНЫЙ ФОНД "ФОНД БОРЬБЫ С ЛЕЙКЕМИЕЙ"
ПлательщикСчет=40703810200000720499
ПлательщикИНН=7704282227
ПлательщикРасчСчет=40703810200000720499
ПлательщикКорсчет=30101810145250000974
ПлательщикБИК=044525974
ПлательщикБанк1=АО "ТИНЬКОФФ БАНК"
ПлательщикКПП=770401001
Получатель=Грицай Ольга Степановна
Получатель1=Грицай Ольга Степановна
ПолучательСчет=43534543543534
ПолучательИНН=345345435345345
ПолучательРасчСчет=345435435345
ПолучательКорсчет=345435345345
ПолучательБИК=044525974
ПолучательБанк1=АО "ТИНЬКОФФ БАНК"
ПолучательКПП=0
ВидОплаты=01
Код=0
НазначениеПлатежа=Оплата по договору №ГПХ-4/2024 от 22.04.2024, акту от 23.04.2024 за услуги по проведению вебинара в рамках курса «Самое Время Жить. Карьера», АП, БП4. НДС не облагается
Очередность=5
КонецДокумента

СекцияДокумент=Платежное поручение
Номер=4027
Дата=23.04.2024
Сумма=1000
ДатаПоступило=24.04.2024
Плательщик=Романенко Никита Максимович
Плательщик1=Романенко Никита Максимович
ПлательщикСчет=40817810104810436812
ПлательщикИНН=240302113837
ПлательщикРасчСчет=40817810104810436812
ПлательщикКорсчет=30101810200000000593
ПлательщикБИК=044525593
ПлательщикБанк1=АО "АЛЬФА-БАНК"
Получатель=БЛАГОТВОРИТЕЛЬНЫЙ ФОНД ФОНД БОРЬБЫ С ЛЕЙКЕМИЕЙ
Получатель1=БЛАГОТВОРИТЕЛЬНЫЙ ФОНД ФОНД БОРЬБЫ С ЛЕЙКЕМИЕЙ
ПолучательСчет=40703810200000720499
ПолучательИНН=7704282227
ПолучательРасчСчет=40703810200000720499
ПолучательКорсчет=30101810145250000974
ПолучательБИК=044525974
ПолучательБанк1=АО "ТИНЬКОФФ БАНК"
ВидОплаты=01
НазначениеПлатежа=Благотворительное пожертвование на уставную деятельность 1000.00
Очередность=5
КонецДокумента

СекцияДокумент=Платежное поручение
Номер=4220
Дата=24.04.2024
Сумма=11852.4
ДатаПоступило=24.04.2024
Плательщик=БЛАГОТВОРИТЕЛЬНЫЙ ФОНД ПОМОЩИ "ПРОСТО ПОМОГИ"
Плательщик1=БЛАГОТВОРИТЕЛЬНЫЙ ФОНД ПОМОЩИ "ПРОСТО ПОМОГИ"
ПлательщикСчет=40703810502390000092
ПлательщикИНН=5027275114
ПлательщикРасчСчет=40703810502390000092
ПлательщикКорсчет=30101810200000000593
ПлательщикБИК=044525593
ПлательщикБанк1=АО "АЛЬФА-БАНК"
Получатель=ФОНД БОРЬБЫ С ЛЕЙКЕМИЕЙ
Получатель1=ФОНД БОРЬБЫ С ЛЕЙКЕМИЕЙ
ПолучательСчет=40703810200000720499
ПолучательИНН=7704282227
ПолучательРасчСчет=40703810200000720499
ПолучательКорсчет=30101810145250000974
ПолучательБИК=044525974
ПолучательБанк1=АО "ТИНЬКОФФ БАНК"
ВидОплаты=01
НазначениеПлатежа=Пожертвование//Целевая программа 15920 за период 17.04.2024-22.04.2024. Договор присоединения БФ-20.06.2022 (заявл. о присоед. 4968 от 16.11.2022) Сумма 11852-40 Без налога (НДС)
Очередность=5
КонецДокумента

СекцияДокумент=Платежное поручение
Номер=8482
Дата=23.04.2024
Сумма=15000
ДатаПоступило=24.04.2024
Плательщик=МОРОЗОВА ОЛЬГА ЮРЬЕВНА
Плательщик1=МОРОЗОВА ОЛЬГА ЮРЬЕВНА
ПлательщикСчет=234324324324234324
ПлательщикИНН=4534534534543
ПлательщикРасчСчет=40817810904040296268
ПлательщикКорсчет=30101810200000000593
ПлательщикБИК=044525593
ПлательщикБанк1=АО "АЛЬФА-БАНК"
Получатель=БЛАГОТВОРИТЕЛЬНЫЙ ФОНД ФОНД БОРЬБЫ С ЛЕЙКЕМИЕЙ
Получатель1=БЛАГОТВОРИТЕЛЬНЫЙ ФОНД ФОНД БОРЬБЫ С ЛЕЙКЕМИЕЙ
ПолучательСчет=40703810200000720499
ПолучательИНН=7704282227
ПолучательРасчСчет=40703810200000720499
ПолучательКорсчет=30101810145250000974
ПолучательБИК=044525974
ПолучательБанк1=АО "ТИНЬКОФФ БАНК"
ВидОплаты=01
НазначениеПлатежа=Благотворительное пожертвование на Елену Кузнецову
Очередность=5
КонецДокумента

СекцияДокумент=Платежное поручение
Номер=84824
Дата=23.04.2024
Сумма=12000
ДатаПоступило=24.04.2024
Плательщик=МОРОЗОВА ОЛЬГА ЮРЬЕВНА
Плательщик1=МОРОЗОВА ОЛЬГА ЮРЬЕВНА
ПлательщикСчет=234324324324234324
ПлательщикИНН=4534534534543
ПлательщикРасчСчет=40817810904040296268
ПлательщикКорсчет=30101810200000000593
ПлательщикБИК=044525593
ПлательщикБанк1=АО "АЛЬФА-БАНК"
Получатель=БЛАГОТВОРИТЕЛЬНЫЙ ФОНД ФОНД БОРЬБЫ С ЛЕЙКЕМИЕЙ
Получатель1=БЛАГОТВОРИТЕЛЬНЫЙ ФОНД ФОНД БОРЬБЫ С ЛЕЙКЕМИЕЙ
ПолучательСчет=40703810200000720499
ПолучательИНН=7704282227
ПолучательРасчСчет=40703810200000720499
ПолучательКорсчет=30101810145250000974
ПолучательБИК=044525974
ПолучательБанк1=АО "ТИНЬКОФФ БАНК"
ВидОплаты=01
НазначениеПлатежа=БЛАГОТВОРИТЕЛЬНЫЙ ВЗНОС ЗА 27/04/2024;Добровольное пожертвование Кузнецеова;SDSSEA2007@MAIL.RU
Очередность=5
КонецДокумента

СекцияДокумент=Платежное поручение
Номер=848244
Дата=23.04.2024
Сумма=1500
ДатаПоступило=24.04.2024
Плательщик=МОРОЗОВА ОЛЬГА ЮРЬЕВНА
Плательщик1=МОРОЗОВА ОЛЬГА ЮРЬЕВНА
ПлательщикСчет=234324324324234324
ПлательщикИНН=4534534534543
ПлательщикРасчСчет=40817810904040296268
ПлательщикКорсчет=30101810200000000593
ПлательщикБИК=044525593
ПлательщикБанк1=АО "АЛЬФА-БАНК"
Получатель=БЛАГОТВОРИТЕЛЬНЫЙ ФОНД ФОНД БОРЬБЫ С ЛЕЙКЕМИЕЙ
Получатель1=БЛАГОТВОРИТЕЛЬНЫЙ ФОНД ФОНД БОРЬБЫ С ЛЕЙКЕМИЕЙ
ПолучательСчет=40703810200000720499
ПолучательИНН=7704282227
ПолучательРасчСчет=40703810200000720499
ПолучательКорсчет=30101810145250000974
ПолучательБИК=044525974
ПолучательБанк1=АО "ТИНЬКОФФ БАНК"
ВидОплаты=01
НазначениеПлатежа=БЛАГОТВОРИТЕЛЬНЫЙ ВЗНОС ЗА 11/04/2024;Добровольное пожертвование Сидорову И САЗОНОВА ЕЛЕНА АНАТОЛЬЕВНА;SDSSEA2007@MAIL.RU
Очередность=5
КонецДокумента

СекцияДокумент=Платежное поручение
Номер=848244
Дата=23.04.2024
Сумма=1500
ДатаПоступило=24.04.2024
Плательщик=МОРОЗОВА ОЛЬГА ЮРЬЕВНА
Плательщик1=МОРОЗОВА ОЛЬГА ЮРЬЕВНА
ПлательщикСчет=234324324324234324
ПлательщикИНН=4534534534543
ПлательщикРасчСчет=40817810904040296268
ПлательщикКорсчет=30101810200000000593
ПлательщикБИК=044525593
ПлательщикБанк1=АО "АЛЬФА-БАНК"
Получатель=БЛАГОТВОРИТЕЛЬНЫЙ ФОНД ФОНД БОРЬБЫ С ЛЕЙКЕМИЕЙ
Получатель1=БЛАГОТВОРИТЕЛЬНЫЙ ФОНД ФОНД БОРЬБЫ С ЛЕЙКЕМИЕЙ
ПолучательСчет=40703810200000720499
ПолучательИНН=7704282227
ПолучательРасчСчет=40703810200000720499
ПолучательКорсчет=30101810145250000974
ПолучательБИК=044525974
ПолучательБанк1=АО "ТИНЬКОФФ БАНК"
ВидОплаты=01
НазначениеПлатежа=БЛАГОТВОРИТЕЛЬНЫЙ ВЗНОС ЗА 11/04/2024;Добровольное пожертвование Сидорову И САЗОНОВА ЕЛЕНА АНАТОЛЬЕВНА;SDSSEA2007@MAIL.RU
Очередность=5
КонецДокумента

СекцияДокумент=Платежное поручение
Номер=8482441
Дата=23.04.2024
Сумма=2000
ДатаПоступило=24.04.2024
Плательщик=МОРОЗОВА ОЛЬГА ЮРЬЕВНА
Плательщик1=МОРОЗОВА ОЛЬГА ЮРЬЕВНА
ПлательщикСчет=234324324324234324
ПлательщикИНН=4534534534543
ПлательщикРасчСчет=40817810904040296268
ПлательщикКорсчет=30101810200000000593
ПлательщикБИК=044525593
ПлательщикБанк1=АО "АЛЬФА-БАНК"
Получатель=БЛАГОТВОРИТЕЛЬНЫЙ ФОНД ФОНД БОРЬБЫ С ЛЕЙКЕМИЕЙ
Получатель1=БЛАГОТВОРИТЕЛЬНЫЙ ФОНД ФОНД БОРЬБЫ С ЛЕЙКЕМИЕЙ
ПолучательСчет=40703810200000720499
ПолучательИНН=7704282227
ПолучательРасчСчет=40703810200000720499
ПолучательКорсчет=30101810145250000974
ПолучательБИК=044525974
ПолучательБанк1=АО "ТИНЬКОФФ БАНК"
ВидОплаты=01
НазначениеПлатежа=БЛАГОТВОРИТЕЛЬНЫЙ ВЗНОС ЗА 11/04/2024;Добровольное пожертвование Стрелков-Стоцкий от САЗОНОВА ЕЛЕНА АНАТОЛЬЕВНА;SDSSEA2007@MAIL.RU
Очередность=5
КонецДокумента

СекцияДокумент=Платежное поручение
Номер=10297
Дата=24.04.2024
Сумма=89000
ДатаПоступило=24.04.2024
Плательщик=Щербакова Юлия Витальевна
Плательщик1=Щербакова Юлия Витальевна
ПлательщикСчет=435435435435
ПлательщикИНН=34543543543543
ПлательщикРасчСчет=345435435435435
ПлательщикКорсчет=345435435435435
ПлательщикБИК=044525593
ПлательщикБанк1=АО "АЛЬФА-БАНК"
Получатель=БЛАГОТВОРИТЕЛЬНЫЙ ФОНД ФОНД БОРЬБЫ С ЛЕЙКЕМИЕЙ
Получатель1=БЛАГОТВОРИТЕЛЬНЫЙ ФОНД ФОНД БОРЬБЫ С ЛЕЙКЕМИЕЙ
ПолучательСчет=40703810200000720499
ПолучательИНН=7704282227
ПолучательРасчСчет=40703810200000720499
ПолучательКорсчет=30101810145250000974
ПолучательБИК=044525974
ПолучательБанк1=АО "ТИНЬКОФФ БАНК"
ВидОплаты=01
НазначениеПлатежа=Благотворительное пожертвование FBL0009
Очередность=5
КонецДокумента

СекцияДокумент=Платежное поручение
Номер=102973
Дата=24.04.2024
Сумма=670000
ДатаПоступило=24.04.2024
Плательщик=Щербакова Юлия Витальевна
Плательщик1=Щербакова Юлия Витальевна
ПлательщикСчет=435435435435
ПлательщикИНН=34543543543543
ПлательщикРасчСчет=345435435435435
ПлательщикКорсчет=345435435435435
ПлательщикБИК=044525593
ПлательщикБанк1=АО "АЛЬФА-БАНК"
Получатель=БЛАГОТВОРИТЕЛЬНЫЙ ФОНД ФОНД БОРЬБЫ С ЛЕЙКЕМИЕЙ
Получатель1=БЛАГОТВОРИТЕЛЬНЫЙ ФОНД ФОНД БОРЬБЫ С ЛЕЙКЕМИЕЙ
ПолучательСчет=40703810200000720499
ПолучательИНН=7704282227
ПолучательРасчСчет=40703810200000720499
ПолучательКорсчет=30101810145250000974
ПолучательБИК=044525974
ПолучательБанк1=АО "ТИНЬКОФФ БАНК"
ВидОплаты=01
НазначениеПлатежа=Пожертвование FBL0001
Очередность=5
КонецДокумента

СекцияДокумент=Платежное поручение
Номер=102976
Дата=24.04.2024
Сумма=330000
ДатаПоступило=24.04.2024
Плательщик=Щербакова Юлия Витальевна
Плательщик1=Щербакова Юлия Витальевна
ПлательщикСчет=435435435435
ПлательщикИНН=34543543543543
ПлательщикРасчСчет=345435435435435
ПлательщикКорсчет=345435435435435
ПлательщикБИК=044525593
ПлательщикБанк1=АО "АЛЬФА-БАНК"
Получатель=БЛАГОТВОРИТЕЛЬНЫЙ ФОНД ФОНД БОРЬБЫ С ЛЕЙКЕМИЕЙ
Получатель1=БЛАГОТВОРИТЕЛЬНЫЙ ФОНД ФОНД БОРЬБЫ С ЛЕЙКЕМИЕЙ
ПолучательСчет=40703810200000720499
ПолучательИНН=7704282227
ПолучательРасчСчет=40703810200000720499
ПолучательКорсчет=30101810145250000974
ПолучательБИК=044525974
ПолучательБанк1=АО "ТИНЬКОФФ БАНК"
ВидОплаты=01
НазначениеПлатежа=Взнос на FBL0005
Очередность=5
КонецДокумента

СекцияДокумент=Платежное поручение
Номер=16398
Дата=23.04.2024
Сумма=10000
ДатаПоступило=24.04.2024
Плательщик=Тер-Тумасова Кристина Кареновна
Плательщик1=Тер-Тумасова Кристина Кареновна
ПлательщикСчет=435435435435435435
ПлательщикИНН=345435435345435
ПлательщикРасчСчет=34543543543543543
ПлательщикКорсчет=345345435435345
ПлательщикБИК=044525593
ПлательщикБанк1=АО "АЛЬФА-БАНК"
Получатель=БЛАГОТВОРИТЕЛЬНЫЙ ФОНД ФОНД БОРЬБЫ С ЛЕЙКЕМИЕЙ
Получатель1=БЛАГОТВОРИТЕЛЬНЫЙ ФОНД ФОНД БОРЬБЫ С ЛЕЙКЕМИЕЙ
ПолучательСчет=40703810200000720499
ПолучательИНН=7704282227
ПолучательРасчСчет=40703810200000720499
ПолучательКорсчет=30101810145250000974
ПолучательБИК=044525974
ПолучательБанк1=АО "ТИНЬКОФФ БАНК"
ВидОплаты=01
НазначениеПлатежа=Пожертвование для Попова Дмитрия
Очередность=5
КонецДокумента

СекцияДокумент=Платежное поручение
Номер=27972
Дата=24.04.2024
Сумма=15000
ДатаПоступило=24.04.2024
Плательщик=ООО РОГА И КОПЫТА
Плательщик1=ООО РОГА И КОПЫТА
ПлательщикСчет=43543543543543
ПлательщикИНН=345435435345
ПлательщикРасчСчет=40817810005601705314
ПлательщикКорсчет=30101810200000000593
ПлательщикБИК=044525593
ПлательщикБанк1=АО "АЛЬФА-БАНК"
Получатель=БЛАГОТВОРИТЕЛЬНЫЙ ФОНД ФОНД БОРЬБЫ С ЛЕЙКЕМИЕЙ
Получатель1=БЛАГОТВОРИТЕЛЬНЫЙ ФОНД ФОНД БОРЬБЫ С ЛЕЙКЕМИЕЙ
ПолучательСчет=40703810200000720499
ПолучательИНН=7704282227
ПолучательРасчСчет=40703810200000720499
ПолучательКорсчет=30101810145250000974
ПолучательБИК=044525974
ПолучательБанк1=АО "ТИНЬКОФФ БАНК"
ВидОплаты=01
НазначениеПлатежа=Благотворительное пожертвование на уставную деятельность 15000.00
Очередность=5
КонецДокумента

СекцияДокумент=Платежное поручение
Номер=33682
Дата=24.04.2024
Сумма=7000
ДатаПоступило=24.04.2024
Плательщик=Гусейнова Элеонора Асифовна
Плательщик1=Гусейнова Элеонора Асифовна
ПлательщикСчет=43534543534534
ПлательщикИНН=345435435345435
ПлательщикРасчСчет=345435345435
ПлательщикКорсчет=34543543543543
ПлательщикБИК=044525593
ПлательщикБанк1=АО "АЛЬФА-БАНК"
Получатель=БЛАГОТВОРИТЕЛЬНЫЙ ФОНД ФОНД БОРЬБЫ С ЛЕЙКЕМИЕЙ
Получатель1=БЛАГОТВОРИТЕЛЬНЫЙ ФОНД ФОНД БОРЬБЫ С ЛЕЙКЕМИЕЙ
ПолучательСчет=40703810200000720499
ПолучательИНН=7704282227
ПолучательРасчСчет=40703810200000720499
ПолучательКорсчет=30101810145250000974
ПолучательБИК=044525974
ПолучательБанк1=АО "ТИНЬКОФФ БАНК"
ВидОплаты=01
НазначениеПлатежа=Благотворительное пожертование на Н.Ованнисян 
Очередность=5
КонецДокумента

СекцияДокумент=Платежное поручение
Номер=34982
Дата=24.04.2024
Сумма=550000
ДатаПоступило=24.04.2024
Плательщик=СТАСОВ АНТОН ВЛАДИМИРОВИЧ
Плательщик1=СТАСОВ АНТОН ВЛАДИМИРОВИЧ
ПлательщикСчет=565756757657
ПлательщикИНН=56765756765757
ПлательщикРасчСчет=567567657567
ПлательщикКорсчет=567567567567567
ПлательщикБИК=044525593
ПлательщикБанк1=АО "АЛЬФА-БАНК"
Получатель=БЛАГОТВОРИТЕЛЬНЫЙ ФОНД ФОНД БОРЬБЫ С ЛЕЙКЕМИЕЙ
Получатель1=БЛАГОТВОРИТЕЛЬНЫЙ ФОНД ФОНД БОРЬБЫ С ЛЕЙКЕМИЕЙ
ПолучательСчет=40703810200000720499
ПолучательИНН=7704282227
ПолучательРасчСчет=40703810200000720499
ПолучательКорсчет=30101810145250000974
ПолучательБИК=044525974
ПолучательБанк1=АО "ТИНЬКОФФ БАНК"
ВидОплаты=01
НазначениеПлатежа=Благотворительное пожертвование FBL0003
Очередность=5
КонецДокумента

СекцияДокумент=Платежное поручение
Номер=42117
Дата=24.04.2024
Сумма=1
ДатаПоступило=24.04.2024
Плательщик=Бобров Алексей Витальевич
Плательщик1=Бобров Алексей Витальевич
ПлательщикСчет=40817810405901441538
ПлательщикИНН=435435435435435
ПлательщикРасчСчет=345345435435
ПлательщикКорсчет=345345345345345
ПлательщикБИК=044525593
ПлательщикБанк1=АО "АЛЬФА-БАНК"
Получатель=БЛАГОТВОРИТЕЛЬНЫЙ ФОНД ФОНД БОРЬБЫ С ЛЕЙКЕМИЕЙ
Получатель1=БЛАГОТВОРИТЕЛЬНЫЙ ФОНД ФОНД БОРЬБЫ С ЛЕЙКЕМИЕЙ
ПолучательСчет=40703810200000720499
ПолучательИНН=7704282227
ПолучательРасчСчет=40703810200000720499
ПолучательКорсчет=30101810145250000974
ПолучательБИК=044525974
ПолучательБанк1=АО "ТИНЬКОФФ БАНК"
ВидОплаты=01
НазначениеПлатежа=FBL00010
Очередность=5
КонецДокумента

СекцияДокумент=Платежное поручение
Номер=68427
Дата=24.04.2024
Сумма=1250
ДатаПоступило=24.04.2024
Плательщик=Салаутин Кирилл Витальевич
Плательщик1=Салаутин Кирилл Витальевич
ПлательщикСчет=40817810505612645141
ПлательщикИНН=456546456456
ПлательщикРасчСчет=45645645645654
ПлательщикКорсчет=456456546
ПлательщикБИК=044525593
ПлательщикБанк1=АО "АЛЬФА-БАНК"
Получатель=БЛАГОТВОРИТЕЛЬНЫЙ ФОНД ФОНД БОРЬБЫ С ЛЕЙКЕМИЕЙ
Получатель1=БЛАГОТВОРИТЕЛЬНЫЙ ФОНД ФОНД БОРЬБЫ С ЛЕЙКЕМИЕЙ
ПолучательСчет=40703810200000720499
ПолучательИНН=7704282227
ПолучательРасчСчет=40703810200000720499
ПолучательКорсчет=30101810145250000974
ПолучательБИК=044525974
ПолучательБанк1=АО "ТИНЬКОФФ БАНК"
ВидОплаты=01
НазначениеПлатежа=Благотворительное пожертвование на уставную деятельность 1250.00
Очередность=5
КонецДокумента

СекцияДокумент=Платежное поручение
Номер=98017
Дата=24.04.2024
Сумма=30000
ДатаПоступило=24.04.2024
Плательщик=Семочкин Александр Дмитриевич
Плательщик1=Семочкин Александр Дмитриевич
ПлательщикСчет=456456456546
ПлательщикИНН=456456456456456
ПлательщикРасчСчет=40817810906410013260
ПлательщикКорсчет=30101810200000000593
ПлательщикБИК=044525593
ПлательщикБанк1=АО "АЛЬФА-БАНК"
Получатель=БЛАГОТВОРИТЕЛЬНЫЙ ФОНД ФОНД БОРЬБЫ С ЛЕЙКЕМИЕЙ
Получатель1=БЛАГОТВОРИТЕЛЬНЫЙ ФОНД ФОНД БОРЬБЫ С ЛЕЙКЕМИЕЙ
ПолучательСчет=40703810200000720499
ПолучательИНН=7704282227
ПолучательРасчСчет=40703810200000720499
ПолучательКорсчет=30101810145250000974
ПолучательБИК=044525974
ПолучательБанк1=АО "ТИНЬКОФФ БАНК"
ВидОплаты=01
НазначениеПлатежа=Благотворительное пожертвование для Сидорова
Очередность=5
КонецДокумента

СекцияДокумент=Платежное поручение
Номер=98542
Дата=23.04.2024
Сумма=29200.11
ДатаПоступило=24.04.2024
Плательщик=Бадмаев Даши Валерьевич
Плательщик1=Бадмаев Даши Валерьевич
ПлательщикСчет=40817810908380030627
ПлательщикИНН=456546546546
ПлательщикРасчСчет=456546546456
ПлательщикКорсчет=456456456546
ПлательщикБИК=044525593
ПлательщикБанк1=АО "АЛЬФА-БАНК"
Получатель=БЛАГОТВОРИТЕЛЬНЫЙ ФОНД ФОНД БОРЬБЫ С ЛЕЙКЕМИЕЙ
Получатель1=БЛАГОТВОРИТЕЛЬНЫЙ ФОНД ФОНД БОРЬБЫ С ЛЕЙКЕМИЕЙ
ПолучательСчет=40703810200000720499
ПолучательИНН=7704282227
ПолучательРасчСчет=40703810200000720499
ПолучательКорсчет=30101810145250000974
ПолучательБИК=044525974
ПолучательБанк1=АО "ТИНЬКОФФ БАНК"
ВидОплаты=01
НазначениеПлатежа=Помощь для Бахтиёра Д.
Очередность=5
КонецДокумента

СекцияДокумент=Платежное поручение
Номер=99947
Дата=24.04.2024
Сумма=160
ДатаПоступило=24.04.2024
Плательщик=Воропаев Сергей Игоревич
Плательщик1=Воропаев Сергей Игоревич
ПлательщикСчет=345435345
ПлательщикИНН=345345435435
ПлательщикРасчСчет=40817810808230082223
ПлательщикКорсчет=30101810200000000593
ПлательщикБИК=044525593
ПлательщикБанк1=АО "АЛЬФА-БАНК"
Получатель=БЛАГОТВОРИТЕЛЬНЫЙ ФОНД ФОНД БОРЬБЫ С ЛЕЙКЕМИЕЙ
Получатель1=БЛАГОТВОРИТЕЛЬНЫЙ ФОНД ФОНД БОРЬБЫ С ЛЕЙКЕМИЕЙ
ПолучательСчет=40703810200000720499
ПолучательИНН=7704282227
ПолучательРасчСчет=40703810200000720499
ПолучательКорсчет=30101810145250000974
ПолучательБИК=044525974
ПолучательБанк1=АО "ТИНЬКОФФ БАНК"
ВидОплаты=01
НазначениеПлатежа=Благотворительное пожертвование на уставную деятельность 160.00
Очередность=5
КонецДокумента



КонецФайла